Details,Posting Date,Description,Amount,Type,Balance,Check or Slip #
DEBIT,07/24/2018,"POS DEBIT                COLLEGE TRANSCRIPT       NORTHFIELD    IL",-14.00,MISC_DEBIT, ,,
DEBIT,07/24/2018,"POS DEBIT                BLENZ COFFEE WEST HAST   VANCOUVER     BC",-9.25,MISC_DEBIT, ,,
DEBIT,07/24/2018,"POS DEBIT                CITY OF VAN PAYBYPHONE   VANCOUVER     BC",-2.44,MISC_DEBIT, ,,
DEBIT,07/24/2018,"POS DEBIT                CITY OF VAN PAYBYPHONE   VANCOUVER     BC",-2.42,MISC_DEBIT, ,,
CREDIT,07/24/2018,"ORIG CO NAME:KEY CR. TRANSFER CO ENTRY DESCR:ONLINE-BK  SEC:WEB IND ID:018204563257666 ORIG ID:9000000008",1103.00,ACH_CREDIT, ,,
CREDIT,07/24/2018,"PYMT RCVD                PAYPAL*LOFTUS ALEXANDER   SAN JOSE     CA",572.75,MISC_CREDIT, ,,
DEBIT,07/23/2018,"THE HORSESHOE CAFE BELLINGHAM WA             07/21",-17.20,DEBIT_CARD,134.61,,
DEBIT,07/23/2018,"HAGGEN #3449 BELLINGHAM WA           416798  07/21",-39.22,DEBIT_CARD,151.81,,
DEBIT,07/23/2018,"HAGGEN #3449 BELLINGHAM WA           402487  07/20",-14.89,DEBIT_CARD,191.03,,
DEBIT,07/23/2018,"THE SANDWICH ODYSSEY BELLINGHAM WA           07/19",-13.00,DEBIT_CARD,205.92,,
DEBIT,07/23/2018,"THE ORION BELLINGHAM WA                      07/18",-6.00,DEBIT_CARD,218.92,,
DEBIT,07/19/2018,"COMCAST 8498300  013451212                  PPD ID: 0000213249",-69.97,ACH_DEBIT,224.92,,
DEBIT,07/19/2018,"Community Food Co-op - BELLINGHAM WA 419355  07/19",-6.45,DEBIT_CARD,294.89,,
DEBIT,07/18/2018,"MUTO RAMEN S IZAKAYA BE BELLINGHAM WA        07/16",-11.82,DEBIT_CARD,301.34,,
DEBIT,07/18/2018,"CITY OF BELLINGHAM PARK BELLINGHAM WA        07/16",-6.25,DEBIT_CARD,313.16,,
DEBIT,07/17/2018,"THE WOODS COFFEE RAILRO BELLINGHAM WA        07/16",-7.36,DEBIT_CARD,319.41,,
DEBIT,07/17/2018,"CITY OF BELLINGHAM PARK BELLINGHAM WA        07/16",-0.45,DEBIT_CARD,326.77,,
DEBIT,07/16/2018,"PAYPAL           INST XFER  ITUNESAPPST     WEB ID: PAYPALSI77",-16.29,ACH_DEBIT,327.22,,
DEBIT,07/16/2018,"RITE AID STORE - 5236 BELLINGHAM WA  466700  07/16",-14.44,DEBIT_CARD,343.51,,
DEBIT,07/16/2018,"WENDYS 9659 BELLINGHAM WA                    07/15",-10.51,DEBIT_CARD,357.95,,
DEBIT,07/16/2018,"NORTH CITY FOOD SHORELINE WA                 07/15",-43.11,DEBIT_CARD,368.46,,
DEBIT,07/16/2018,"SALTWATER DES MOINES WA                      07/13",-10.00,DEBIT_CARD,411.57,,
DEBIT,07/16/2018,"TACO TIME 128TH EVERETT WA                   07/13",-11.11,DEBIT_CARD,421.57,,
DSLIP,07/16/2018,"DEPOSIT  ID NUMBER 191094",100.00,DEPOSIT,432.68,,
DEBIT,07/13/2018,"AMAZON MKTPLACE PMTS AMZN.COM/BILL WA        07/12",-17.38,DEBIT_CARD,332.68,,
DEBIT,07/12/2018,"FIVE GUYS WA 1120 QSR LYNNWOOD WA            07/11",-14.32,DEBIT_CARD,350.06,,
DEBIT,07/12/2018,"Amazon.com AMZN.COM/BILL WA                  07/12",-19.64,DEBIT_CARD,364.38,,
DEBIT,07/12/2018,"AGUA VERDE CAFE SEATTLE WA                   07/10",-16.31,DEBIT_CARD,384.02,,
DEBIT,07/12/2018,"BLUE C SUSHI SEATTLE WA                      07/10",-6.83,DEBIT_CARD,400.33,,
DEBIT,07/11/2018,"CHEVRON/SALMON SERVICE SEATTLE WA    054868  07/11",-48.04,DEBIT_CARD,407.16,,
DEBIT,07/11/2018,"FLOWERS RESTAURANT SEATTLE WA                07/11",-6.50,DEBIT_CARD,455.20,,
DEBIT,07/11/2018,"LIMEBIKE 8778877815 CA                       07/10",-10.00,DEBIT_CARD,461.70,,
DEBIT,07/10/2018,"PAYPAL           INST XFER  XSOLLA          WEB ID: PAYPALSI77",-4.99,ACH_DEBIT,471.70,,
DEBIT,07/10/2018,"WA DOL LIC & REG 77458 SEATTLE WA    766788  07/10",-85.75,DEBIT_CARD,476.69,,
DEBIT,07/09/2018,"PAYPAL           INST XFER  KIGOSAI         WEB ID: PAYPALSI77",-9.50,ACH_DEBIT,562.44,,
DEBIT,07/09/2018,"FRED-MEYE FRED MEYER 0 BELLINGHAM WA         07/07 Purchase $5.09 Cash Back $20.00",-25.09,DEBIT_CARD,571.94,,
DEBIT,07/09/2018,"HP *INSTANT INK 855-785-2777 CA              07/07",-3.26,DEBIT_CARD,597.03,,
DEBIT,07/06/2018,"TRANSFER TO SAV XXXXX9660 07/06",-25.00,ACCT_XFER,600.29,,
DEBIT,07/05/2018,"CHEVRON/SALMON SERVICE SEATTLE WA    038243  07/05",-50.33,DEBIT_CARD,625.29,,
DEBIT,07/05/2018,"OREILLY AUTO #2 SEATTLE WA                   07/05",-17.60,DEBIT_CARD,675.62,,
DEBIT,07/03/2018,"PAYPAL           INST XFER  PATREON         WEB ID: PAYPALSI77",-2.00,ACH_DEBIT,693.22,,
DEBIT,07/03/2018,"FRED-MEYE FRED MEYER 0 BELLINGHAM WA         07/03",-71.09,DEBIT_CARD,695.22,,
DEBIT,07/02/2018,"PAYPAL           INST XFER  PATREON         WEB ID: PAYPALSI77",-2.00,ACH_DEBIT,766.31,,
DEBIT,07/02/2018,"350.ORG 646-801-0759 NY                      07/01",-10.00,DEBIT_CARD,768.31,,
DEBIT,07/02/2018,"SQ *JJ'S IN AND OUT GOS Bellingham WA        06/30",-5.42,DEBIT_CARD,778.31,,
DEBIT,07/02/2018,"SQC*QUINCY SANDER 8774174551 CA              06/29",-7.00,DEBIT_CARD,783.73,,
DEBIT,06/29/2018,"PUGET SOUND ENER PSE BILL   0875185583      CCD ID: 2910374630",-22.68,ACH_DEBIT,790.73,,
DEBIT,06/29/2018,"Online Transfer to  SAV ...9660 transaction#: 7194029820",-50.00,ACCT_XFER,813.41,,
DEBIT,06/29/2018,"JIMMY JOHNS - 3395 BELLINGHAM WA             06/28",-6.51,DEBIT_CARD,863.41,,
CREDIT,06/29/2018,"PAYPAL           TRANSFER                   PPD ID: PAYPALSD11",566.00,ACH_CREDIT,869.92,,
DEBIT,06/28/2018,"AMAZON MKTPLACE PMTS AMZN.COM/BILL WA        06/27",-60.11,DEBIT_CARD,303.92,,
CREDIT,06/28/2018,"KEY CR. TRANSFER ONLINE-BK  018177074451309 WEB ID: 9000000008",63.32,ACH_CREDIT,364.03,,
DSLIP,06/28/2018,"DEPOSIT  ID NUMBER 676014",220.00,DEPOSIT,300.71,,
DEBIT,06/27/2018,"76 - MONTLAKE 76 SEATTLE WA                  06/27",-54.29,DEBIT_CARD,80.71,,
CREDIT,06/26/2018,"KEY CR. TRANSFER ONLINE-BK  018176008565339 WEB ID: 9000000008",135.00,ACH_CREDIT,135.00,,
DEBIT,06/25/2018,"Online Payment 7163916486 To RPM Property Managers 06/25",-1605.00,BILLPAY,0.00,,
DEBIT,06/25/2018,"APPLE STORE  #R072 265 SEATTLE WA            06/22",-109.00,DEBIT_CARD,1605.00,,
DEBIT,06/25/2018,"APPLE STORE  #R072 SEATTLE WA                06/22",-31.93,DEBIT_CARD,1714.00,,
CREDIT,06/25/2018,"KEY CR. TRANSFER ONLINE-BK  018173996035161 WEB ID: 9000000008",1150.00,ACH_CREDIT,1745.93,,
CREDIT,06/25/2018,"ODP TRANSFER FROM SAVINGS 000002902589660",398.03,MISC_CREDIT,595.93,,
DEBIT,06/22/2018,"KIZUKI RAMEN & IZAKAYA SEATTLE WA            06/22",-48.19,DEBIT_CARD,197.90,,
DEBIT,06/21/2018,"ARCO 07063 OLYMPIA WA                        06/20",-48.82,DEBIT_CARD,246.09,,
DEBIT,06/20/2018,"SDOT PAYBYPHONE PARKI 111-111-1111 WA        06/18",-3.00,DEBIT_CARD,294.91,,
DEBIT,06/19/2018,"COMCAST          CABLE                      PPD ID: 0000213249",-69.97,ACH_DEBIT,297.91,,
DEBIT,06/19/2018,"PAYPAL           INST XFER  HOTELS.COM      WEB ID: PAYPALSI77",-77.23,ACH_DEBIT,367.88,,
DEBIT,06/19/2018,"STARBUCKS STORE 14101 EVERETT WA             06/17",-4.33,DEBIT_CARD,445.11,,
DEBIT,06/18/2018,"SHELL Service Station SEATTLE WA     022571  06/17",-52.55,DEBIT_CARD,449.44,,
DEBIT,06/18/2018,"TACO TIME BELLINGHAM-SA BELLINGHAM WA        06/15",-16.37,DEBIT_CARD,501.99,,
DEBIT,06/18/2018,"WANIDA THAI CUISINE BELLINGHAM WA            06/15",-15.44,DEBIT_CARD,518.36,,
DSLIP,06/18/2018,"REMOTE ONLINE DEPOSIT #          1",400.00,CHECK_DEPOSIT,533.80,1,
DEBIT,06/15/2018,"SQ *REDLIGHT BELLINGHAM Bellingham WA        06/15",-20.00,DEBIT_CARD,133.80,,
DEBIT,06/15/2018,"LARRABEE STATE PARK BELLINGHAM WA            06/14",-10.00,DEBIT_CARD,153.80,,
DEBIT,06/15/2018,"PIZZA TIME BELLINGHAM WA                     06/13",-16.84,DEBIT_CARD,163.80,,
DEBIT,06/14/2018,"PAYPAL           INST XFER  ITUNESAPPST     WEB ID: PAYPALSI77",-16.29,ACH_DEBIT,180.64,,
DEBIT,06/14/2018,"FRED-MEYE FRED MEYER 0 BELLINGHAM WA         06/14",-119.34,DEBIT_CARD,196.93,,
DEBIT,06/14/2018,"WWU EMARKETS 360-650-3720 WA                 06/13",-2.00,DEBIT_CARD,316.27,,
CREDIT,06/14/2018,"Online Transfer from SAV ...9660 transaction#: 7230585139",200.00,ACCT_XFER,318.27,,
DEBIT,06/13/2018,"HAGGEN #3449 BELLINGHAM WA           604282  06/13",-1.77,DEBIT_CARD,118.27,,
DEBIT,06/13/2018,"AMAZON MKTPLACE PMTS AMZN.COM/BILL WA        06/12",-14.73,DEBIT_CARD,120.04,,
DEBIT,06/13/2018,"AMAZON MKTPLACE PMTS AMZN.COM/BILL WA        06/13",-14.76,DEBIT_CARD,134.77,,
DEBIT,06/12/2018,"GRUFF BREWING COMPANY L BELLINGHAM WA        06/10",-10.22,DEBIT_CARD,149.53,,
DEBIT,06/12/2018,"GRUFF BREWING COMPANY L BELLINGHAM WA        06/09",-6.13,DEBIT_CARD,159.75,,
DEBIT,06/12/2018,"GRUFF BREWING COMPANY L BELLINGHAM WA        06/09",-6.13,DEBIT_CARD,165.88,,
DEBIT,06/11/2018,"NON-CHASE ATM FEE-WITH",-2.50,FEE_TRANSACTION,172.01,,
DEBIT,06/11/2018,"PAYPAL           INST XFER  XSOLLA          WEB ID: PAYPALSI77",-4.99,ACH_DEBIT,174.51,,
DEBIT,06/11/2018,"NON-CHASE ATM WITHDRAW               482616  06/10188E COLL",-43.00,ATM,179.50,,
DEBIT,06/11/2018,"WENDYS 9659 BELLINGHAM WA                    06/10",-10.40,DEBIT_CARD,222.50,,
DEBIT,06/11/2018,"HAGGEN #3439 BELLINGHAM WA           439342  06/09",-11.48,DEBIT_CARD,232.90,,
DEBIT,06/11/2018,"THE BLACK CAT BELLINGHAM WA                  06/09",-16.74,DEBIT_CARD,244.38,,
DEBIT,06/11/2018,"ARAMARK TOPIOS BELLINGHAM WA                 06/07",-8.13,DEBIT_CARD,261.12,,
DEBIT,06/11/2018,"ARAMARK ZOES BOOKSIDE B BELLINGHAM WA        06/07",-5.27,DEBIT_CARD,269.25,,
CREDIT,06/11/2018,"DEPOSIT  ID NUMBER  73498",200.00,ACCT_XFER,274.52,,
DSLIP,06/11/2018,"REMOTE ONLINE DEPOSIT #          1",48.03,CHECK_DEPOSIT,74.52,1,
DEBIT,06/08/2018,"HP *INSTANT INK 855-785-2777 CA              06/07",-7.61,DEBIT_CARD,26.49,,
DEBIT,06/08/2018,"ARAMARK STARBUCKS BELLINGHAM WA              06/06",-7.98,DEBIT_CARD,34.10,,
DEBIT,06/06/2018,"TRANSFER TO SAV XXXXX9660 06/06",-25.00,ACCT_XFER,42.08,,
DEBIT,06/06/2018,"USCONNECT ADVGV VEND N FERNDALE WA           06/06",-1.25,DEBIT_CARD,67.08,,
DEBIT,06/06/2018,"USCONNECT ADVGV VEND N FERNDALE WA           06/06",-2.00,DEBIT_CARD,68.33,,
DEBIT,06/06/2018,"ARAMARK ATRIUM POD BELLINGHAM WA             06/04",-2.16,DEBIT_CARD,70.33,,
DEBIT,06/04/2018,"PAYPAL           INST XFER  PATREON         WEB ID: PAYPALSI77",-2.00,ACH_DEBIT,72.49,,
DEBIT,06/04/2018,"PAYPAL           INST XFER  PATREON         WEB ID: PAYPALSI77",-4.00,ACH_DEBIT,74.49,,
DEBIT,06/04/2018,"350.ORG 646-801-0759 NY                      06/01",-10.00,DEBIT_CARD,78.49,,
DEBIT,06/04/2018,"PAYPAL           INST XFER  NEKOKIN         WEB ID: PAYPALSI77",-45.42,ACH_DEBIT,88.49,,
DEBIT,06/04/2018,"FACEBK *RAINN donate.fb.com CA               06/03",-20.00,DEBIT_CARD,133.91,,
DEBIT,06/04/2018,"SHELL Service Station EVERETT WA     016888  06/02",-49.25,DEBIT_CARD,153.91,,
DEBIT,06/04/2018,"WWU FOUNDATION EMARKE 360-650-3720 WA        06/01",-25.00,DEBIT_CARD,203.16,,
DEBIT,06/01/2018,"Online Transfer to  SAV ...9660 transaction#: 7108874309",-50.00,ACCT_XFER,228.16,,
DEBIT,05/30/2018,"PUGET SOUND ENER ONLINE PMT                 PPD ID: 9500000000",-44.07,ACH_DEBIT,278.16,,
DEBIT,05/30/2018,"PUGET SOUND ENER PSE BILL   3125180540      CCD ID: 2910374630",-44.07,ACH_DEBIT,322.23,,
DEBIT,05/30/2018,"WWU EMARKETS 360-650-3720 WA                 05/29",-36.00,DEBIT_CARD,366.30,,
DEBIT,05/29/2018,"VENMO            PAYMENT    1103818970      WEB ID: 3264681992",-40.00,ACH_DEBIT,402.30,,
DEBIT,05/29/2018,"Online Transfer to SAV ...9660 transaction#: 7183398661 05/29",-600.00,ACCT_XFER,442.30,,
DEBIT,05/29/2018,"FRED-MEYE FRED MEYER 0 BELLINGHAM WA         05/27",-148.24,DEBIT_CARD,1042.30,,
DEBIT,05/29/2018,"WPY*GoFundMe 855-4693729 CA                  05/27",-1.00,DEBIT_CARD,1190.54,,
DEBIT,05/29/2018,"WPY*John Bain Memorial 855-4693729 CA        05/27",-10.00,DEBIT_CARD,1191.54,,
DEBIT,05/29/2018,"ARAMARK MILLER MARKET P BELLINGHAM WA        05/25",-10.17,DEBIT_CARD,1201.54,,
DEBIT,05/25/2018,"PAYPAL           INST XFER  PARKMOBILE      WEB ID: PAYPALSI77",-4.25,ACH_DEBIT,1211.71,,
DEBIT,05/25/2018,"PAYPAL           INST XFER  PARKMOBILE      WEB ID: PAYPALSI77",-4.25,ACH_DEBIT,1215.96,,
DEBIT,05/25/2018,"PAYPAL           INST XFER  PARKMOBILE      WEB ID: PAYPALSI77",-4.25,ACH_DEBIT,1220.21,,
DEBIT,05/25/2018,"PAYPAL           INST XFER  PARKMOBILE      WEB ID: PAYPALSI77",-4.25,ACH_DEBIT,1224.46,,
DSLIP,05/25/2018,"REMOTE ONLINE DEPOSIT #          1",72.05,CHECK_DEPOSIT,1228.71,1,
DEBIT,05/24/2018,"VENMO            PAYMENT    1097008730      WEB ID: 3264681992",-12.00,ACH_DEBIT,1156.66,,
DEBIT,05/23/2018,"PAYPAL           INST XFER  PARKMOBILE      WEB ID: PAYPALSI77",-4.25,ACH_DEBIT,1168.66,,
DEBIT,05/23/2018,"PAYPAL           INST XFER  PARKMOBILE      WEB ID: PAYPALSI77",-4.25,ACH_DEBIT,1172.91,,
DEBIT,05/23/2018,"MCKAYS TAPHOUSE BELLINGHAM WA                05/21",-5.50,DEBIT_CARD,1177.16,,
DEBIT,05/23/2018,"MCKAYS TAPHOUSE BELLINGHAM WA                05/21",-5.50,DEBIT_CARD,1182.66,,
DEBIT,05/23/2018,"MCKAYS TAPHOUSE BELLINGHAM WA                05/21",-5.75,DEBIT_CARD,1188.16,,
DEBIT,05/23/2018,"ARAMARK TOPIOS BELLINGHAM WA                 05/21",-10.20,DEBIT_CARD,1193.91,,
CREDIT,05/23/2018,"KEY CR. TRANSFER ONLINE-BK  018142526238162 WEB ID: 9000000008",1150.00,ACH_CREDIT,1204.11,,
DEBIT,05/22/2018,"Online Payment 7103434206 To RPM Property Managers 05/22",-1605.00,BILLPAY,54.11,,
CREDIT,05/22/2018,"DEPOSIT  ID NUMBER 508511",200.00,ACCT_XFER,1659.11,,
CREDIT,05/22/2018,"PAYPAL           TRANSFER                   PPD ID: PAYPALSD11",1154.00,ACH_CREDIT,1459.11,,
DEBIT,05/21/2018,"COMCAST          CABLE                      PPD ID: 0000213249",-79.99,ACH_DEBIT,305.11,,
DEBIT,05/21/2018,"HAGGEN #3449 BELLINGHAM WA           589001  05/20",-13.97,DEBIT_CARD,385.10,,
DEBIT,05/21/2018,"CHEVRON 0359406 BELLINGHAM WA                05/20",-54.03,DEBIT_CARD,399.07,,
DEBIT,05/21/2018,"ROOK AND ROGUE BOARD GA BELLINGHAM WA        05/19",-8.70,DEBIT_CARD,453.10,,
DEBIT,05/21/2018,"TACO TIME BELLINGHAM-SA BELLINGHAM WA        05/18",-11.60,DEBIT_CARD,461.80,,
DEBIT,05/21/2018,"ARAMARK STARBUCKS BELLINGHAM WA              05/17",-5.82,DEBIT_CARD,473.40,,
CREDIT,05/21/2018,"VENMO            CASHOUT                    PPD ID: 5264681992",267.50,ACH_CREDIT,479.22,,
DEBIT,05/18/2018,"USCONNECT ADVGV VEND N FERNDALE WA           05/18",-1.25,DEBIT_CARD,211.72,,
DEBIT,05/18/2018,"USCONNECT ADVGV VEND N FERNDALE WA           05/18",-1.25,DEBIT_CARD,212.97,,
DEBIT,05/18/2018,"ASLAN BREWING CO BELLINGHAM WA               05/16",-29.23,DEBIT_CARD,214.22,,
DEBIT,05/17/2018,"PAYPAL           INST XFER  XSOLLA          WEB ID: PAYPALSI77",-4.99,ACH_DEBIT,243.45,,
DEBIT,05/14/2018,"VENMO            PAYMENT    1079244535      WEB ID: 3264681992",-8.50,ACH_DEBIT,248.44,,
DEBIT,05/14/2018,"PAYPAL           INST XFER  ITUNESAPPST     WEB ID: PAYPALSI77",-16.29,ACH_DEBIT,256.94,,
CREDIT,05/11/2018,"KEY CR. TRANSFER ONLINE-BK  018130354157232 WEB ID: 9000000008",100.00,ACH_CREDIT,273.23,,
DEBIT,05/10/2018,"PAYPAL           INST XFER  XSOLLA          WEB ID: PAYPALSI77",-4.99,ACH_DEBIT,173.23,,
DEBIT,05/09/2018,"HAGGEN #3449 BELLINGHAM WA           472988  05/09",-12.31,DEBIT_CARD,178.22,,
DEBIT,05/08/2018,"VENMO            PAYMENT    1066212261      WEB ID: 3264681992",-265.00,ACH_DEBIT,190.53,,
CHECK,05/08/2018,"CHECK 6530  ",-1605.00,CHECK_PAID,455.53,6530,
DEBIT,05/08/2018,"HP *INSTANT INK 855-785-2777 CA              05/07",-6.52,DEBIT_CARD,2060.53,,
DEBIT,05/08/2018,"WWU EMARKETS 360-650-3720 WA                 05/07",-36.00,DEBIT_CARD,2067.05,,
DEBIT,05/08/2018,"WHATCOM CO DISTRT CT 888-8916064 WA          05/06",-167.00,DEBIT_CARD,2103.05,,
DEBIT,05/07/2018,"TRANSFER TO SAV XXXXX9660 05/07",-25.00,ACCT_XFER,2270.05,,
DEBIT,05/07/2018,"FRED-MEYE FRED MEYER 0 BELLINGHAM WA         05/06",-70.60,DEBIT_CARD,2295.05,,
CREDIT,05/07/2018,"Online Transfer from SAV ...9660 transaction#: 7126313042",200.00,ACCT_XFER,2365.65,,
CREDIT,05/07/2018,"QuickPay with Zelle payment from SUSAN K LOFTUS 7126746951",265.00,QUICKPAY_CREDIT,2165.65,,
DEBIT,05/04/2018,"PAYPAL           INST XFER  PARKMOBILE      WEB ID: PAYPALSI77",-2.00,ACH_DEBIT,1900.65,,
DEBIT,05/04/2018,"PAYPAL           INST XFER  PARKMOBILE      WEB ID: PAYPALSI77",-2.25,ACH_DEBIT,1902.65,,
DEBIT,05/04/2018,"PAYPAL           INST XFER  PARKMOBILE      WEB ID: PAYPALSI77",-4.25,ACH_DEBIT,1904.90,,
DEBIT,05/04/2018,"PAYPAL           INST XFER  PARKMOBILE      WEB ID: PAYPALSI77",-4.25,ACH_DEBIT,1909.15,,
DEBIT,05/03/2018,"PAYPAL           INST XFER  PATREON         WEB ID: PAYPALSI77",-4.00,ACH_DEBIT,1913.40,,
DEBIT,05/03/2018,"ANNUAL BRAINSCAPE PR HTTPSWWW.BRAI NY        05/02",-35.88,DEBIT_CARD,1917.40,,
DEBIT,05/02/2018,"PAYPAL           INST XFER  PARKMOBILE      WEB ID: PAYPALSI77",-0.20,ACH_DEBIT,1953.28,,
DEBIT,05/02/2018,"PAYPAL           INST XFER  PATREON         WEB ID: PAYPALSI77",-2.00,ACH_DEBIT,1953.48,,
DEBIT,05/02/2018,"350.ORG 646-801-0759 NY                      05/01",-10.00,DEBIT_CARD,1955.48,,
DEBIT,05/01/2018,"Online Transfer to  SAV ...9660 transaction#: 7021890240",-50.00,ACCT_XFER,1965.48,,
DEBIT,05/01/2018,"WWU EMARKETS 360-650-3720 WA                 04/30",-50.00,DEBIT_CARD,2015.48,,
DEBIT,04/30/2018,"COMCAST          CABLE      1985142         WEB ID: 0000213249",-69.97,ACH_DEBIT,2065.48,,
DEBIT,04/30/2018,"TRADER JOE'S # 151 BELLINGHAM WA     129547  04/29",-58.88,DEBIT_CARD,2135.45,,
DEBIT,04/30/2018,"CHEVRON 0374324 BELLINGHAM WA                04/27",-55.05,DEBIT_CARD,2194.33,,
DEBIT,04/30/2018,"MEDITERRANEAN SPECIALTI BELLINGHAM WA        04/27",-13.98,DEBIT_CARD,2249.38,,
DSLIP,04/30/2018,"REMOTE ONLINE DEPOSIT #          1",72.05,CHECK_DEPOSIT,2263.36,1,
DEBIT,04/27/2018,"NON-CHASE ATM FEE-WITH",-2.50,FEE_TRANSACTION,2191.31,,
DEBIT,04/27/2018,"SQ *REDLIGHT BELLINGHAM Bellingham WA        04/27",-9.00,DEBIT_CARD,2193.81,,
DEBIT,04/27/2018,"NON-CHASE ATM WITHDRAW               261015  04/261100 N. S",-7.00,ATM,2202.81,,
DEBIT,04/27/2018,"WWU AS BOOKSTORE BELLINGHAM WA               04/26",-17.66,DEBIT_CARD,2209.81,,
CREDIT,04/25/2018,"PAYPAL           TRANSFER                   PPD ID: PAYPALSD11",531.97,ACH_CREDIT,2227.47,,
CREDIT,04/25/2018,"PAYPAL           TRANSFER                   PPD ID: PAYPALSD11",542.49,ACH_CREDIT,1695.50,,
CREDIT,04/24/2018,"KEY CR. TRANSFER ONLINE-BK  018113075041014 WEB ID: 9000000008",1150.00,ACH_CREDIT,1153.01,,
DEBIT,04/23/2018,"SUPER DUPER BURGER & T BELLINGHAM WA         04/22",-22.89,DEBIT_CARD,3.01,,
DEBIT,04/23/2018,"SQ *JJ'S IN AND OUT Bellingham WA            04/22",-3.98,DEBIT_CARD,25.90,,
DEBIT,04/20/2018,"NON-CHASE ATM FEE-WITH",-2.50,FEE_TRANSACTION,29.88,,
DEBIT,04/20/2018,"NON-CHASE ATM WITHDRAW               006083  04/191100 N. S",-7.00,ATM,32.38,,
DEBIT,04/16/2018,"FRED-MEYE FRED MEYER 0 BELLINGHAM WA         04/15",-148.07,DEBIT_CARD,39.38,,
DEBIT,04/16/2018,"SHULTZYS SAUSAGE INC SEATTLE WA              04/14",-18.62,DEBIT_CARD,187.45,,
DEBIT,04/16/2018,"WENDYS 9659 BELLINGHAM WA                    04/13",-8.46,DEBIT_CARD,206.07,,
DEBIT,04/16/2018,"SQ *INDIA GRILL Bellingham WA                04/13",-11.41,DEBIT_CARD,214.53,,
CREDIT,04/16/2018,"VENMO            CASHOUT                    PPD ID: 5264681992",20.00,ACH_CREDIT,225.94,,
CREDIT,04/16/2018,"Online Transfer from SAV ...9660 transaction#: 7067990755",120.00,ACCT_XFER,205.94,,
DEBIT,04/12/2018,"SHELL Service Station BELLINGHAM WA  083683  04/12",-53.49,DEBIT_CARD,85.94,,
DEBIT,04/11/2018,"ARAMARK TOPIOS BELLINGHAM WA                 04/09",-10.20,DEBIT_CARD,139.43,,
DSLIP,04/11/2018,"REMOTE ONLINE DEPOSIT #          1",72.05,CHECK_DEPOSIT,149.63,1,
DEBIT,04/09/2018,"VENMO            PAYMENT    1005632290      WEB ID: 3264681992",-9.00,ACH_DEBIT,77.58,,
DEBIT,04/09/2018,"HAGGEN #3449 BELLINGHAM WA           820174  04/09",-36.50,DEBIT_CARD,86.58,,
DEBIT,04/09/2018,"LOVERS MERIDIAN 232 BELLINGHAM WA            04/08",-13.59,DEBIT_CARD,123.08,,
DEBIT,04/09/2018,"MCKAYS TAPHOUSE BELLINGHAM WA                04/08",-4.00,DEBIT_CARD,136.67,,
DEBIT,04/09/2018,"HP *INSTANT INK 855-785-2777 CA              04/07",-1.09,DEBIT_CARD,140.67,,
DEBIT,04/09/2018,"SQ *BROTHA DUDES Bellingham WA               04/06",-9.61,DEBIT_CARD,141.76,,
DEBIT,04/09/2018,"ARAMARK ZOES BOOKSIDE B BELLINGHAM WA        04/06",-2.37,DEBIT_CARD,151.37,,
DEBIT,04/09/2018,"THE ORION BELLINGHAM WA                      04/06",-5.00,DEBIT_CARD,153.74,,
DSLIP,04/09/2018,"REMOTE ONLINE DEPOSIT #          1",24.02,CHECK_DEPOSIT,158.74,1,
DEBIT,04/06/2018,"NON-CHASE ATM FEE-WITH",-2.50,FEE_TRANSACTION,134.72,,
DEBIT,04/06/2018,"TRANSFER TO SAV XXXXX9660 04/06",-25.00,ACCT_XFER,137.22,,
DEBIT,04/06/2018,"NON-CHASE ATM WITHDRAW               287647  04/051100 N. S",-12.00,ATM,162.22,,
DEBIT,04/06/2018,"CITY OF BELLINGHAM WEB 360-7788020 WA        04/05",-15.00,DEBIT_CARD,174.22,,
DEBIT,04/05/2018,"ARAMARK ZOES BOOKSIDE B BELLINGHAM WA        04/03",-4.45,DEBIT_CARD,189.22,,
CHECK,04/04/2018,"CHECK 6529  ",-1605.00,CHECK_PAID,193.67,6529,
DEBIT,04/04/2018,"HAGGEN #3449 BELLINGHAM WA           260716  04/04",-24.95,DEBIT_CARD,1798.67,,
DEBIT,04/04/2018,"TACO TIME BELLINGHAM-SA BELLINGHAM WA        04/02",-10.08,DEBIT_CARD,1823.62,,
DEBIT,04/03/2018,"PAYPAL           INST XFER  PATREON         WEB ID: PAYPALSI77",-2.00,ACH_DEBIT,1833.70,,
DEBIT,04/02/2018,"PAYPAL           INST XFER  PATREON         WEB ID: PAYPALSI77",-2.00,ACH_DEBIT,1835.70,,
DEBIT,04/02/2018,"350.ORG 646-801-0759 NY                      04/01",-10.00,DEBIT_CARD,1837.70,,
DEBIT,04/02/2018,"BOOMERS DRIVE IN BELLINGHAM WA               03/31",-9.29,DEBIT_CARD,1847.70,,
DEBIT,03/30/2018,"COUNTER CHECK",-2.00,FEE_TRANSACTION,1856.99,,
DEBIT,03/30/2018,"Online Transfer to  SAV ...9660 transaction#: 6942798638",-50.00,ACCT_XFER,1858.99,,
DEBIT,03/30/2018,"ROCK BOX SEATTLE WA                          03/29",-17.47,DEBIT_CARD,1908.99,,
DEBIT,03/29/2018,"SHELL Service Station SEATTLE WA     553322  03/29",-14.30,DEBIT_CARD,1926.46,,
DEBIT,03/29/2018,"ELEPHANT CAR WASH- BATT SEATTLE WA           03/27",-7.62,DEBIT_CARD,1940.76,,
CREDIT,03/29/2018,"PAYPAL           TRANSFER                   PPD ID: PAYPALSD11",568.00,ACH_CREDIT,1948.38,,
DEBIT,03/28/2018,"COMCAST CABLE COMM 800-COMCAST WA            03/28",-100.00,DEBIT_CARD,1380.38,,
DEBIT,03/28/2018,"PAYPAL*Loftus Alexande SAN JOSE CA   154609  03/28",534.75,DEBIT_CARD,1480.38,,
DEBIT,03/27/2018,"PAYPAL           INST XFER  NEKOKIN         WEB ID: PAYPALSI77",-102.00,ACH_DEBIT,945.63,,
DEBIT,03/26/2018,"PAYPAL           INST XFER  PARKMOBILE      WEB ID: PAYPALSI77",-4.25,ACH_DEBIT,1047.63,,
DEBIT,03/26/2018,"PAYPAL           INST XFER  PARKMOBILE      WEB ID: PAYPALSI77",-4.25,ACH_DEBIT,1051.88,,
DEBIT,03/26/2018,"SHELL Service Station SEATTLE WA     039528  03/25",-47.10,DEBIT_CARD,1056.13,,
DEBIT,03/26/2018,"TRADER JOE'S # 151 BELLINGHAM WA     134382  03/23",-51.02,DEBIT_CARD,1103.23,,
DEBIT,03/26/2018,"TERIYAKI BAR BELLINGHAM WA                   03/23",-12.61,DEBIT_CARD,1154.25,,
DEBIT,03/26/2018,"ARAMARK ZOES BOOKSIDE B BELLINGHAM WA        03/23",-1.18,DEBIT_CARD,1166.86,,
DEBIT,03/26/2018,"ARAMARK MILLER MARKET P BELLINGHAM WA        03/23",-6.95,DEBIT_CARD,1168.04,,
DEBIT,03/23/2018,"PAYPAL           INST XFER  PARKMOBILE      WEB ID: PAYPALSI77",-6.25,ACH_DEBIT,1174.99,,
DEBIT,03/23/2018,"PIZZA TIME BELLINGHAM WA                     03/21",-18.29,DEBIT_CARD,1181.24,,
CREDIT,03/23/2018,"KEY CR. TRANSFER ONLINE-BK  018081513088953 WEB ID: 9000000008",1150.00,ACH_CREDIT,1199.53,,
DEBIT,03/22/2018,"ARAMARK VIKING UNION MA BELLINGHAM WA        03/20",-3.26,DEBIT_CARD,49.53,,
DEBIT,03/22/2018,"ARAMARK TONYS AT MILLER BELLINGHAM WA        03/20",-7.53,DEBIT_CARD,52.79,,
DEBIT,03/20/2018,"WENDYS 9659 BELLINGHAM WA                    03/19",-9.54,DEBIT_CARD,60.32,,
DEBIT,03/20/2018,"WWU EMARKETS 360-650-3720 WA                 03/19",-103.00,DEBIT_CARD,69.86,,
DEBIT,03/20/2018,"ARAMARK ZOES BOOKSIDE B BELLINGHAM WA        03/18",-8.19,DEBIT_CARD,172.86,,
DEBIT,03/19/2018,"PAYPAL           INST XFER  XSOLLA          WEB ID: PAYPALSI77",-4.99,ACH_DEBIT,181.05,,
DEBIT,03/19/2018,"SQ *RB'S IN & OUT BELLINGHAM WA              03/17",-11.51,DEBIT_CARD,186.04,,
DEBIT,03/19/2018,"ASLAN BREWING CO BELLINGHAM WA               03/16",-22.39,DEBIT_CARD,197.55,,
DEBIT,03/19/2018,"ASLAN BREWING CO BELLINGHAM WA               03/16",-8.00,DEBIT_CARD,219.94,,
DEBIT,03/19/2018,"ARAMARK TOPIOS BELLINGHAM WA                 03/16",-9.22,DEBIT_CARD,227.94,,
CREDIT,03/19/2018,"VENMO            CASHOUT                    PPD ID: 5264681992",6.96,ACH_CREDIT,237.16,,
CREDIT,03/19/2018,"Online Transfer from SAV ...9660 transaction#: 6993975610",103.00,ACCT_XFER,230.20,,
DEBIT,03/16/2018,"PAYPAL           INST XFER  PARKMOBILE      WEB ID: PAYPALSI77",-4.25,ACH_DEBIT,127.20,,
DEBIT,03/16/2018,"APL* ITUNES.COM/BILL 866-712-7753 CA         03/15",-16.29,DEBIT_CARD,131.45,,
DEBIT,03/14/2018,"NON-CHASE ATM FEE-WITH",-2.50,FEE_TRANSACTION,147.74,,
DEBIT,03/14/2018,"NON-CHASE ATM WITHDRAW               161055  03/14100 SAMIS",-22.50,ATM,150.24,,
DEBIT,03/14/2018,"ARAMARK STARBUCKS BELLINGHAM WA              03/12",-7.94,DEBIT_CARD,172.74,,
DEBIT,03/13/2018,"PAYPAL           INST XFER  PARKMOBILE      WEB ID: PAYPALSI77",-4.25,ACH_DEBIT,180.68,,
DEBIT,03/13/2018,"PAYPAL           INST XFER  PARKMOBILE      WEB ID: PAYPALSI77",-4.25,ACH_DEBIT,184.93,,
DEBIT,03/13/2018,"PAYPAL           INST XFER  PARKMOBILE      WEB ID: PAYPALSI77",-4.25,ACH_DEBIT,189.18,,
DEBIT,03/13/2018,"PAYPAL           INST XFER  PARKMOBILE      WEB ID: PAYPALSI77",-4.25,ACH_DEBIT,193.43,,
DEBIT,03/13/2018,"FRED-MEYE FRED MEYER 0 BELLINGHAM WA         03/12",-39.91,DEBIT_CARD,197.68,,
DEBIT,03/13/2018,"ARAMARK VIKING UNION MA BELLINGHAM WA        03/11",-2.71,DEBIT_CARD,237.59,,
DEBIT,03/13/2018,"ARAMARK VU SUBWAY BELLINGHAM WA              03/11",-8.30,DEBIT_CARD,240.30,,
DSLIP,03/13/2018,"REMOTE ONLINE DEPOSIT #          1",81.06,CHECK_DEPOSIT,248.60,1,
DEBIT,03/12/2018,"PAYPAL           INST XFER  PARKMOBILE      WEB ID: PAYPALSI77",-4.25,ACH_DEBIT,167.54,,
DEBIT,03/12/2018,"PAYPAL           INST XFER  PARKMOBILE      WEB ID: PAYPALSI77",-4.25,ACH_DEBIT,171.79,,
DEBIT,03/12/2018,"PAYPAL           INST XFER  PARKMOBILE      WEB ID: PAYPALSI77",-4.25,ACH_DEBIT,176.04,,
DEBIT,03/12/2018,"PAYPAL           INST XFER  XSOLLA          WEB ID: PAYPALSI77",-4.99,ACH_DEBIT,180.29,,
DEBIT,03/12/2018,"PAYPAL           INST XFER  KIGOSAI         WEB ID: PAYPALSI77",-16.00,ACH_DEBIT,185.28,,
DEBIT,03/12/2018,"RITE AID STORE - 5238 BELLINGHAM WA  130392  03/10",-21.73,DEBIT_CARD,201.28,,
DEBIT,03/12/2018,"ARAMARK TONYS AT MILLER BELLINGHAM WA        03/08",-7.98,DEBIT_CARD,223.01,,
DEBIT,03/09/2018,"PAYPAL           INST XFER  PARKMOBILE      WEB ID: PAYPALSI77",-4.25,ACH_DEBIT,230.99,,
DEBIT,03/09/2018,"PAYPAL           INST XFER  PARKMOBILE      WEB ID: PAYPALSI77",-4.25,ACH_DEBIT,235.24,,
DEBIT,03/09/2018,"ARAMARK ZOES BOOKSIDE B BELLINGHAM WA        03/07",-4.45,DEBIT_CARD,239.49,,
DEBIT,03/09/2018,"ARAMARK MILLER MARKET P BELLINGHAM WA        03/07",-5.75,DEBIT_CARD,243.94,,
DEBIT,03/08/2018,"WWU AS BOOKSTORE BELLINGHAM WA               03/07",-14.67,DEBIT_CARD,249.69,,
DEBIT,03/08/2018,"HP *INSTANT INK 855-785-2777 CA              03/07",-5.44,DEBIT_CARD,264.36,,
DEBIT,03/08/2018,"ARAMARK MILLER MARKET P BELLINGHAM WA        03/06",-1.63,DEBIT_CARD,269.80,,
DEBIT,03/07/2018,"USCONNECT ADVGV VEND N FERNDALE WA           03/07",-1.25,DEBIT_CARD,271.43,,
DEBIT,03/07/2018,"ARAMARK TOPIOS BELLINGHAM WA                 03/05",-10.20,DEBIT_CARD,272.68,,
DEBIT,03/06/2018,"TRANSFER TO SAV XXXXX9660 03/06",-25.00,ACCT_XFER,282.88,,
DEBIT,03/06/2018,"USCONNECT ADVGV VEND N FERNDALE WA           03/06",-1.25,DEBIT_CARD,307.88,,
DEBIT,03/06/2018,"USCONNECT ADVGV VEND N FERNDALE WA           03/06",-1.25,DEBIT_CARD,309.13,,
DEBIT,03/05/2018,"HAGGEN #3449 BELLINGHAM WA           487155  03/04",-31.41,DEBIT_CARD,310.38,,
DEBIT,03/05/2018,"NELSON'S MARKET/MARLIN' BELLINGHAM WA        03/04",-15.59,DEBIT_CARD,341.79,,
DEBIT,03/05/2018,"SHELL OIL 57440716801 BELLINGHAM WA          03/03",-5.42,DEBIT_CARD,357.38,,
DEBIT,03/05/2018,"SQ *LYNDEN SKATEWAY INC Lynden WA            03/03",-2.30,DEBIT_CARD,362.80,,
DEBIT,03/05/2018,"SQ *LYNDEN SKATEWAY INC Lynden WA            03/03",-12.65,DEBIT_CARD,365.10,,
DEBIT,03/05/2018,"SQ *LYNDEN SKATEWAY INC Lynden WA            03/03",-10.92,DEBIT_CARD,377.75,,
DEBIT,03/05/2018,"MCKAYS TAPHOUSE BELLINGHAM WA                03/02",-6.50,DEBIT_CARD,388.67,,
DEBIT,03/05/2018,"CHEVRON 0374324 BELLINGHAM WA                03/02",-49.14,DEBIT_CARD,395.17,,
DEBIT,03/05/2018,"ARAMARK ZOES BOOKSIDE B BELLINGHAM WA        03/02",-8.66,DEBIT_CARD,444.31,,
DEBIT,03/02/2018,"PAYPAL           INST XFER  PATREON         WEB ID: PAYPALSI77",-2.00,ACH_DEBIT,452.97,,
DEBIT,03/02/2018,"350.ORG 646-801-0759 NY                      03/01",-10.00,DEBIT_CARD,454.97,,
DEBIT,03/01/2018,"Online Transfer to  SAV ...9660 transaction#: 6866763386",-50.00,ACCT_XFER,464.97,,
DEBIT,02/28/2018,"WWU EMARKETS 360-650-3720 WA                 02/27",-67.00,DEBIT_CARD,514.97,,
DEBIT,02/28/2018,"ARAMARK ZOES BOOKSIDE B BELLINGHAM WA        02/26",-4.55,DEBIT_CARD,581.97,,
DEBIT,02/27/2018,"PAYPAL           INST XFER  PARKMOBILE      WEB ID: PAYPALSI77",-4.25,ACH_DEBIT,586.52,,
DEBIT,02/27/2018,"PAYPAL           INST XFER  PARKMOBILE      WEB ID: PAYPALSI77",-4.25,ACH_DEBIT,590.77,,
DEBIT,02/27/2018,"PAYPAL           INST XFER  PARKMOBILE      WEB ID: PAYPALSI77",-4.25,ACH_DEBIT,595.02,,
DEBIT,02/27/2018,"PAYPAL           INST XFER  PARKMOBILE      WEB ID: PAYPALSI77",-4.25,ACH_DEBIT,599.27,,
DEBIT,02/27/2018,"HAGGEN #3449 BELLINGHAM WA           580165  02/27",-32.24,DEBIT_CARD,603.52,,
DEBIT,02/27/2018,"JALAPENO'S - BARKLEY VI BELLINGHAM WA        02/25",-8.15,DEBIT_CARD,635.76,,
DEBIT,02/26/2018,"REGAL BARKLEY VILLAGE S BELLINGHAM WA        02/25",-19.13,DEBIT_CARD,643.91,,
DEBIT,02/26/2018,"THE GROVE BELLINGHAM WA                      02/25",-10.25,DEBIT_CARD,663.04,,
DSLIP,02/26/2018,"REMOTE ONLINE DEPOSIT #          1",48.03,CHECK_DEPOSIT,673.29,1,
DEBIT,02/23/2018,"PAYPAL           INST XFER  PARKMOBILE      WEB ID: PAYPALSI77",-4.25,ACH_DEBIT,625.26,,
DEBIT,02/23/2018,"PAYPAL           INST XFER  PARKMOBILE      WEB ID: PAYPALSI77",-4.25,ACH_DEBIT,629.51,,
DEBIT,02/23/2018,"PAYPAL           INST XFER  NEKOKIN         WEB ID: PAYPALSI77",-42.51,ACH_DEBIT,633.76,,
DEBIT,02/23/2018,"PAYPAL           INST XFER  NEKOKIN         WEB ID: PAYPALSI77",-535.00,ACH_DEBIT,676.27,,
DEBIT,02/22/2018,"USCONNECT ADVGV VEND N FERNDALE WA           02/21",-1.25,DEBIT_CARD,1211.27,,
DEBIT,02/22/2018,"MCKAYS TAPHOUSE BELLINGHAM WA                02/20",-11.00,DEBIT_CARD,1212.52,,
DEBIT,02/22/2018,"ARAMARK MILLER MARKET P BELLINGHAM WA        02/20",-3.26,DEBIT_CARD,1223.52,,
DEBIT,02/22/2018,"ARAMARK ZOES BOOKSIDE B BELLINGHAM WA        02/20",-4.73,DEBIT_CARD,1226.78,,
CREDIT,02/22/2018,"KEY CR. TRANSFER ONLINE-BK  018052921384761 WEB ID: 9000000008",1150.00,ACH_CREDIT,1231.51,,
DEBIT,02/21/2018,"USCONNECT ADVGV VEND N FERNDALE WA           02/21",-1.25,DEBIT_CARD,81.51,,
DEBIT,02/21/2018,"USCONNECT ADVGV VEND N FERNDALE WA           02/21",-1.25,DEBIT_CARD,82.76,,
DEBIT,02/20/2018,"PAYPAL           INST XFER  XSOLLA          WEB ID: PAYPALSI77",-4.99,ACH_DEBIT,84.01,,
DEBIT,02/20/2018,"PAYPAL           INST XFER  TIX             WEB ID: PAYPALSI77",-14.56,ACH_DEBIT,89.00,,
DEBIT,02/20/2018,"TRADER JOE'S # 151 BELLINGHAM WA     871313  02/19",-15.69,DEBIT_CARD,103.56,,
DEBIT,02/20/2018,"FRED-MEYE FRED MEYER 0 BELLINGHAM WA         02/19",-47.52,DEBIT_CARD,119.25,,
DEBIT,02/20/2018,"FRED-MEYER #0025 FRED BELLINGHAM WA  429643  02/19",-2.80,DEBIT_CARD,166.77,,
DEBIT,02/20/2018,"HAGGEN #3449 BELLINGHAM WA           680048  02/19",-19.25,DEBIT_CARD,169.57,,
DEBIT,02/20/2018,"BOOMERS DRIVE IN BELLINGHAM WA               02/18",-6.41,DEBIT_CARD,188.82,,
DEBIT,02/20/2018,"ARAMARK ZOES BOOKSIDE B BELLINGHAM WA        02/16",-2.45,DEBIT_CARD,195.23,,
DEBIT,02/15/2018,"PAYPAL           INST XFER  PARKMOBILE      WEB ID: PAYPALSI77",-4.25,ACH_DEBIT,197.68,,
DEBIT,02/15/2018,"PAYPAL           INST XFER  PARKMOBILE      WEB ID: PAYPALSI77",-4.25,ACH_DEBIT,201.93,,
DEBIT,02/15/2018,"ARAMARK TOPIOS BELLINGHAM WA                 02/13",-2.17,DEBIT_CARD,206.18,,
DEBIT,02/14/2018,"WWU EMARKETS 360-650-3720 WA                 02/13",-36.00,DEBIT_CARD,208.35,,
DEBIT,02/14/2018,"ARAMARK ZOES BOOKSIDE B BELLINGHAM WA        02/12",-7.44,DEBIT_CARD,244.35,,
DEBIT,02/14/2018,"ARAMARK TOPIOS BELLINGHAM WA                 02/12",-4.45,DEBIT_CARD,251.79,,
CREDIT,02/13/2018,"DEPOSIT  ID NUMBER 646403",100.00,ACCT_XFER,256.24,,
DEBIT,02/12/2018,"PAYPAL           INST XFER  XSOLLA          WEB ID: PAYPALSI77",-4.99,ACH_DEBIT,156.24,,
DEBIT,02/12/2018,"APL* ITUNES.COM/BILL 866-712-7753 CA         02/11",-16.29,DEBIT_CARD,161.23,,
DEBIT,02/12/2018,"ROOK AND ROGUE BOARD GA BELLINGHAM WA        02/10",-10.26,DEBIT_CARD,177.52,,
DEBIT,02/12/2018,"HAGGEN #3449 BELLINGHAM WA           867072  02/10",-17.85,DEBIT_CARD,187.78,,
DEBIT,02/12/2018,"JACK IN THE BOX 8372 BELLINGHAM WA           02/10",-4.01,DEBIT_CARD,205.63,,
DSLIP,02/12/2018,"REMOTE ONLINE DEPOSIT #          1",120.09,CHECK_DEPOSIT,209.64,1,
DEBIT,02/09/2018,"PAYPAL           INST XFER  PARKMOBILE      WEB ID: PAYPALSI77",-4.25,ACH_DEBIT,89.55,,
DEBIT,02/08/2018,"JACK IN THE BOX 8372 BELLINGHAM WA           02/07",-8.90,DEBIT_CARD,93.80,,
DEBIT,02/08/2018,"HP *INSTANT INK 855-785-2777 CA              02/07",-2.17,DEBIT_CARD,102.70,,
CREDIT,02/08/2018,"DEPOSIT  ID NUMBER 477536",100.00,ACCT_XFER,104.87,,
DEBIT,02/07/2018,"NON-CHASE ATM FEE-WITH",-2.50,FEE_TRANSACTION,4.87,,
DEBIT,02/07/2018,"NON-CHASE ATM WITHDRAW               396406  02/07188E COLL",-43.00,ATM,7.37,,
DEBIT,02/07/2018,"FRED MEYE FRED MEYER 6 BELLINGHAM WA         02/07",-42.73,DEBIT_CARD,50.37,,
DEBIT,02/06/2018,"PAYPAL           INST XFER  PARKMOBILE      WEB ID: PAYPALSI77",-2.25,ACH_DEBIT,93.10,,
DEBIT,02/06/2018,"TRANSFER TO SAV XXXXX9660 02/06",-25.00,ACCT_XFER,95.35,,
DEBIT,02/05/2018,"PAYPAL           INST XFER  PARKMOBILE      WEB ID: PAYPALSI77",-2.25,ACH_DEBIT,120.35,,
DEBIT,02/05/2018,"PAYPAL           INST XFER  PARKMOBILE      WEB ID: PAYPALSI77",-4.25,ACH_DEBIT,122.60,,
DEBIT,02/05/2018,"PAYPAL           INST XFER  PARKMOBILE      WEB ID: PAYPALSI77",-4.25,ACH_DEBIT,126.85,,
DEBIT,02/05/2018,"AmazonPrime Membersh amzn.com/prme WA        02/03",-107.61,DEBIT_CARD,131.10,,
DEBIT,02/05/2018,"CHEVRON 0374324 BELLINGHAM WA                02/04",-47.46,DEBIT_CARD,238.71,,
DEBIT,02/02/2018,"PAYPAL           INST XFER  PATREON         WEB ID: PAYPALSI77",-2.00,ACH_DEBIT,286.17,,
DEBIT,02/02/2018,"350.ORG 646-801-0759 NY                      02/01",-10.00,DEBIT_CARD,288.17,,
DEBIT,02/02/2018,"HAGGEN #3449 BELLINGHAM WA           424350  02/02",-21.97,DEBIT_CARD,298.17,,
DEBIT,02/02/2018,"HAGGEN #3449 BELLINGHAM WA           762336  02/02",-30.50,DEBIT_CARD,320.14,,
DEBIT,02/02/2018,"BUSARA THAI CUISINE BELLINGHAM WA            01/31",-13.94,DEBIT_CARD,350.64,,
DEBIT,02/02/2018,"ARAMARK TOPIOS BELLINGHAM WA                 01/31",-8.13,DEBIT_CARD,364.58,,
DEBIT,02/01/2018,"Online Transfer to  SAV ...9660 transaction#: 6781634116",-50.00,ACCT_XFER,372.71,,
DEBIT,01/31/2018,"PAYPAL           INST XFER  PARKMOBILE      WEB ID: PAYPALSI77",-4.25,ACH_DEBIT,422.71,,
DEBIT,01/31/2018,"WWU EMARKETS 360-650-3720 WA                 01/30",-107.00,DEBIT_CARD,426.96,,
DEBIT,01/30/2018,"PAYPAL           INST XFER  PARKMOBILE      WEB ID: PAYPALSI77",-2.25,ACH_DEBIT,533.96,,
DEBIT,01/30/2018,"PAYPAL           INST XFER  PARKMOBILE      WEB ID: PAYPALSI77",-4.25,ACH_DEBIT,536.21,,
DEBIT,01/29/2018,"PAYPAL           INST XFER  PARKMOBILE      WEB ID: PAYPALSI77",-4.25,ACH_DEBIT,540.46,,
DEBIT,01/29/2018,"PAYPAL           INST XFER  PARKMOBILE      WEB ID: PAYPALSI77",-4.25,ACH_DEBIT,544.71,,
DEBIT,01/29/2018,"PAYPAL           INST XFER  NEKOKIN         WEB ID: PAYPALSI77",-592.26,ACH_DEBIT,548.96,,
DEBIT,01/26/2018,"PAYPAL           INST XFER  PARKMOBILE      WEB ID: PAYPALSI77",-4.25,ACH_DEBIT,1141.22,,
DEBIT,01/26/2018,"PAYPAL           INST XFER  PARKMOBILE      WEB ID: PAYPALSI77",-4.25,ACH_DEBIT,1145.47,,
DEBIT,01/26/2018,"PAYPAL           INST XFER  PARKMOBILE      WEB ID: PAYPALSI77",-4.25,ACH_DEBIT,1149.72,,
DEBIT,01/24/2018,"HAGGEN #3449 BELLINGHAM WA           065535  01/24",-45.48,DEBIT_CARD,1153.97,,
CREDIT,01/23/2018,"KEY CR. TRANSFER ONLINE-BK  018022365864192 WEB ID: 9000000008",1150.00,ACH_CREDIT,1199.45,,
DEBIT,01/22/2018,"PAYPAL           INST XFER  PARKMOBILE      WEB ID: PAYPALSI77",-2.25,ACH_DEBIT,49.45,,
DEBIT,01/22/2018,"PAYPAL           INST XFER  PARKMOBILE      WEB ID: PAYPALSI77",-4.25,ACH_DEBIT,51.70,,
CREDIT,01/22/2018,"Online Transfer from SAV ...9660 transaction#: 6841848334",50.00,ACCT_XFER,55.95,,
DEBIT,01/19/2018,"LOVERS MERIDIAN 232 BELLINGHAM WA            01/18",-74.46,DEBIT_CARD,5.95,,
DEBIT,01/18/2018,"PAYPAL           INST XFER  PARKMOBILE      WEB ID: PAYPALSI77",-2.25,ACH_DEBIT,80.41,,
DEBIT,01/18/2018,"PAYPAL           INST XFER  PARKMOBILE      WEB ID: PAYPALSI77",-4.25,ACH_DEBIT,82.66,,
DEBIT,01/18/2018,"PAYPAL           INST XFER  XSOLLA          WEB ID: PAYPALSI77",-4.99,ACH_DEBIT,86.91,,
DEBIT,01/18/2018,"TRADER JOE'S # 151 BELLINGHAM WA     522239  01/17",-17.38,DEBIT_CARD,91.90,,
DEBIT,01/18/2018,"HAGGEN #3449 BELLINGHAM WA           122714  01/17",-41.73,DEBIT_CARD,109.28,,
DEBIT,01/16/2018,"APL* ITUNES.COM/BILL 866-712-7753 CA         01/15",-16.29,DEBIT_CARD,151.01,,
DEBIT,01/16/2018,"BOOMERS DRIVE IN BELLINGHAM WA               01/14",-6.61,DEBIT_CARD,167.30,,
DEBIT,01/16/2018,"CHAIR 9 DEMING WA                            01/13",-26.36,DEBIT_CARD,173.91,,
DEBIT,01/16/2018,"76 - STARVIN SAMS 14 BELLINGHAM WA           01/13",-43.99,DEBIT_CARD,200.27,,
CREDIT,01/16/2018,"VENMO            CASHOUT                    PPD ID: 5264681992",15.00,ACH_CREDIT,244.26,,
CREDIT,01/16/2018,"Online Transfer from SAV ...9660 transaction#: 6822045009",100.00,ACCT_XFER,229.26,,
DEBIT,01/12/2018,"PAYPAL           INST XFER  PARKMOBILE      WEB ID: PAYPALSI77",-2.25,ACH_DEBIT,129.26,,
DEBIT,01/12/2018,"ARAMARK MILLER MARKET P BELLINGHAM WA        01/10",-1.29,DEBIT_CARD,131.51,,
DEBIT,01/12/2018,"ARAMARK TONYS AT MILLER BELLINGHAM WA        01/10",-2.77,DEBIT_CARD,132.80,,
DSLIP,01/12/2018,"REMOTE ONLINE DEPOSIT #          1",24.00,CHECK_DEPOSIT,135.57,1,
DEBIT,01/11/2018,"ARAMARK TOPIOS BELLINGHAM WA                 01/09",-4.84,DEBIT_CARD,111.57,,
DEBIT,01/10/2018,"PAYPAL           INST XFER  XSOLLA          WEB ID: PAYPALSI77",-4.99,ACH_DEBIT,116.41,,
DEBIT,01/10/2018,"COLD TURKEY      IAT PAYPAL 1002366452673   WEB ID: 770510487C",-7.32,ACH_DEBIT,121.40,,
DEBIT,01/10/2018,"WWU AS BOOKSTORE BELLINGHAM WA               01/09",-168.62,DEBIT_CARD,128.72,,
CREDIT,01/10/2018,"KEY CR. TRANSFER ONLINE-BK  018009149006336 WEB ID: 9000000008",170.00,ACH_CREDIT,297.34,,
DEBIT,01/08/2018,"RITE AID STORE - 5238 BELLINGHAM WA  221805  01/08",-17.90,DEBIT_CARD,127.34,,
DEBIT,01/08/2018,"TRANSFER TO SAV XXXXX9660 01/08",-25.00,ACCT_XFER,145.24,,
DEBIT,01/08/2018,"SQ *MOUNT BAKERY CAFE F Fairhaven WA         01/07",-32.40,DEBIT_CARD,170.24,,
DEBIT,01/08/2018,"HAGGEN #3449 BELLINGHAM WA           210006  01/06",-9.11,DEBIT_CARD,202.64,,
DEBIT,01/08/2018,"BOLTBUS - INTERNET PA 214-849-8966 OR        01/06",-17.50,DEBIT_CARD,211.75,,
DEBIT,01/08/2018,"SDOT PAYBYPHONE PARKI 111-111-1111 WA        01/04",-0.83,DEBIT_CARD,229.25,,
CREDIT,01/08/2018,"VENMO            CASHOUT                    PPD ID: 5264681992",12.25,ACH_CREDIT,230.08,,
CREDIT,01/08/2018,"VENMO            CASHOUT                    PPD ID: 5264681992",17.00,ACH_CREDIT,217.83,,
DEBIT,01/05/2018,"JERRY Q TOM OD SEATTLE WA                    01/04",-200.00,DEBIT_CARD,200.83,,
CREDIT,01/05/2018,"KEY CR. TRANSFER ONLINE-BK  018004056772286 WEB ID: 9000000008",200.00,ACH_CREDIT,400.83,,
CREDIT,01/04/2018,"DEPOSIT  ID NUMBER 247815",52.77,ACCT_XFER,200.83,,
DEBIT,01/03/2018,"VENMO            PAYMENT    839727649       WEB ID: 3264681992",-12.25,ACH_DEBIT,148.06,,
DEBIT,01/03/2018,"Amazon.com AMZN.COM/BILL WA                  01/03",-15.79,DEBIT_CARD,160.31,,
CREDIT,01/03/2018,"KEY CR. TRANSFER ONLINE-BK  018002000402045 WEB ID: 9000000008",20.00,ACH_CREDIT,176.10,,
DEBIT,01/02/2018,"PAYPAL           INST XFER  PATREON         WEB ID: PAYPALSI77",-2.00,ACH_DEBIT,156.10,,
DEBIT,01/02/2018,"350.ORG 646-801-0759 NY                      01/01",-10.00,DEBIT_CARD,158.10,,
DEBIT,01/02/2018,"PAYPAL           INST XFER  NEKOKIN         WEB ID: PAYPALSI77",-45.05,ACH_DEBIT,168.10,,
DEBIT,01/02/2018,"DOMINO'S 7087 503-689-1288 WA                01/02",-30.78,DEBIT_CARD,213.15,,
DEBIT,01/02/2018,"76 - STARVIN SAMS 14 BELLINGHAM WA           01/01",-42.84,DEBIT_CARD,243.93,,
DEBIT,01/02/2018,"FRED MEYE FRED MEYER 0 BELLINGHAM WA         12/30",-45.10,DEBIT_CARD,286.77,,
DEBIT,01/02/2018,"JACK IN THE BOX 8372 BELLINGHAM WA           12/29",-6.29,DEBIT_CARD,331.87,,
DEBIT,01/02/2018,"SDOT PAYBYPHONE PARKI 111-111-1111 WA        12/28",-0.82,DEBIT_CARD,338.16,,
CREDIT,01/02/2018,"VENMO            CASHOUT                    PPD ID: 5264681992",12.50,ACH_CREDIT,338.98,,
DEBIT,12/29/2017,"SHELL Service Station SEATTLE WA     041437  12/29",-43.52,DEBIT_CARD,326.48,,
DEBIT,12/29/2017,"Online Transfer to  SAV ...9660 transaction#: 6709462047",-50.00,ACCT_XFER,370.00,,
DEBIT,12/29/2017,"THE CROCODILE SEATTLE WA                     12/29",-20.00,DEBIT_CARD,420.00,,
DEBIT,12/29/2017,"TFI*TICKETFLY EVENTS 877-435-9849 CA         12/28",-22.54,DEBIT_CARD,440.00,,
DEBIT,12/29/2017,"WSF GALLEY PUYALLUP 778 BREMERTON WA         12/27",-3.30,DEBIT_CARD,462.54,,
DEBIT,12/29/2017,"WSF GALLEY PUYALLUP 778 BREMERTON WA         12/27",-4.95,DEBIT_CARD,465.84,,
DEBIT,12/28/2017,"PAYPAL           INST XFER  TILE INC        WEB ID: PAYPALSI77",-25.00,ACH_DEBIT,470.79,,
DEBIT,12/28/2017,"PANE D AMORE BAINBRIDGE IS WA                12/27",-16.25,DEBIT_CARD,495.79,,
DEBIT,12/28/2017,"WSF SEATTLE NEWS 77881 BREMERTON WA          12/27",-4.39,DEBIT_CARD,512.04,,
DEBIT,12/28/2017,"ALLIANCEONE GOVERNMEN 253-620-2222 WA        12/27",-51.51,DEBIT_CARD,516.43,,
DEBIT,12/28/2017,"FRAN'S CHOCOLATES - U V SEATTLE WA           12/26",-10.44,DEBIT_CARD,567.94,,
DEBIT,12/27/2017,"VENMO            PAYMENT    828334322       WEB ID: 3264681992",-9.00,ACH_DEBIT,578.38,,
DEBIT,12/27/2017,"VENMO            PAYMENT    827874613       WEB ID: 3264681992",-55.00,ACH_DEBIT,587.38,,
DEBIT,12/27/2017,"CALIBURGER SEATTLE WA                        12/26",-4.49,DEBIT_CARD,642.38,,
DEBIT,12/26/2017,"PAYPAL           INST XFER  PARKMOBILE      WEB ID: PAYPALSI77",-2.25,ACH_DEBIT,646.87,,
DEBIT,12/26/2017,"PAYPAL           INST XFER  NEKOKIN         WEB ID: PAYPALSI77",-535.00,ACH_DEBIT,649.12,,
DEBIT,12/26/2017,"TOWN & COUNTRY 343 W BAINBRIDGE IS WA364045  12/24",-15.99,DEBIT_CARD,1184.12,,
DEBIT,12/26/2017,"GO! CALENDARS,GAMES,BOO BELLINGHAM WA        12/24",-10.86,DEBIT_CARD,1200.11,,
DEBIT,12/26/2017,"VILLAGE BOOKS BELLINGHAM WA                  12/23",-16.83,DEBIT_CARD,1210.97,,
DEBIT,12/26/2017,"VILLAGE BOOKS BELLINGHAM WA                  12/23",-70.47,DEBIT_CARD,1227.80,,
DEBIT,12/26/2017,"METAL MAN CUSTOM METAL ANACORTES WA          12/22",-38.54,DEBIT_CARD,1298.27,,
DSLIP,12/26/2017,"REMOTE ONLINE DEPOSIT #          1",65.00,CHECK_DEPOSIT,1336.81,1,
DSLIP,12/26/2017,"REMOTE ONLINE DEPOSIT #          1",65.99,CHECK_DEPOSIT,1271.81,1,
DSLIP,12/26/2017,"REMOTE ONLINE DEPOSIT #          1",200.00,CHECK_DEPOSIT,1205.82,1,
DEBIT,12/22/2017,"TARGET T- 30 Bellis Fa Bellingham WA         12/22",-43.52,DEBIT_CARD,1005.82,,
DEBIT,12/22/2017,"CHEVRON/SALMON SERVICE SEATTLE WA    040793  12/22",-38.70,DEBIT_CARD,1049.34,,
DEBIT,12/22/2017,"CHEVRON/SALMON SERVICE SEATTLE WA    993065  12/22",-8.28,DEBIT_CARD,1088.04,,
CREDIT,12/22/2017,"KEY CR. TRANSFER ONLINE-BK  017354789290031 WEB ID: 9000000008",255.00,ACH_CREDIT,1096.32,,
DEBIT,12/21/2017,"JERRY Q TOM OD SEATTLE WA                    12/20",-85.00,DEBIT_CARD,841.32,,
DEBIT,12/21/2017,"JERRY Q TOM OD SEATTLE WA                    12/20",-170.00,DEBIT_CARD,926.32,,
CREDIT,12/21/2017,"PAYPAL           TRANSFER                   PPD ID: PAYPALSD11",23.00,ACH_CREDIT,1096.32,,
DEBIT,12/20/2017,"UNICORN/NARWHAL SEATTLE WA                   12/18",-6.50,DEBIT_CARD,1073.32,,
DEBIT,12/20/2017,"UNICORN/NARWHAL SEATTLE WA                   12/18",-20.00,DEBIT_CARD,1079.82,,
DEBIT,12/18/2017,"PAYPAL           INST XFER  PARKMOBILE      WEB ID: PAYPALSI77",-2.25,ACH_DEBIT,1099.82,,
DEBIT,12/18/2017,"PAYPAL           INST XFER  XSOLLA          WEB ID: PAYPALSI77",-4.99,ACH_DEBIT,1102.07,,
DEBIT,12/18/2017,"FRED MEYE FRED MEYER 0 BELLINGHAM WA         12/16",-24.03,DEBIT_CARD,1107.06,,
DEBIT,12/18/2017,"THE ROYAL INN BELLINGHAM WA                  12/16",-9.50,DEBIT_CARD,1131.09,,
DEBIT,12/18/2017,"PEL MENI BELLINGHAM WA                       12/15",-17.00,DEBIT_CARD,1140.59,,
DEBIT,12/18/2017,"AUNTIE ANNES FERNDALE WA                     12/15",-6.51,DEBIT_CARD,1157.59,,
DEBIT,12/18/2017,"ARAMARK ZOES BOOKSIDE B BELLINGHAM WA        12/15",-5.82,DEBIT_CARD,1164.10,,
DEBIT,12/18/2017,"SECOND TIME AROUND COMP BELLINGHAM WA        12/13",-108.70,DEBIT_CARD,1169.92,,
DEBIT,12/15/2017,"GAMESTOP #4331 1 BELLI BELLINGHAM WA 621444  12/15",-14.12,DEBIT_CARD,1278.62,,
DEBIT,12/14/2017,"PAYPAL           INST XFER  PARKMOBILE      WEB ID: PAYPALSI77",-2.25,ACH_DEBIT,1292.74,,
DEBIT,12/14/2017,"ARAMARK VIKING UNION CA BELLINGHAM WA        12/12",-3.86,DEBIT_CARD,1294.99,,
DEBIT,12/13/2017,"PAYPAL           INST XFER  PARKMOBILE      WEB ID: PAYPALSI77",-8.25,ACH_DEBIT,1298.85,,
DEBIT,12/13/2017,"PAYPAL           INST XFER  FANDANGOMED     WEB ID: PAYPALSI77",-14.50,ACH_DEBIT,1307.10,,
DEBIT,12/13/2017,"FRED MEYE FRED MEYER 0 BELLINGHAM WA         12/13",-82.75,DEBIT_CARD,1321.60,,
CREDIT,12/13/2017,"RAISER,LLC       EDI PAYMNT 34WMZPD2QEOEUX1 CCD ID: 1800896455",6.58,ACH_CREDIT,1404.35,,
DEBIT,12/12/2017,"WWU EMARKETS 360-650-3720 WA                 12/11",-22.00,DEBIT_CARD,1397.77,,
DEBIT,12/12/2017,"APL* ITUNES.COM/BILL 866-712-7753 CA         12/11",-16.29,DEBIT_CARD,1419.77,,
DEBIT,12/12/2017,"ARAMARK ZOES BOOKSIDE B BELLINGHAM WA        12/10",-12.87,DEBIT_CARD,1436.06,,
CREDIT,12/12/2017,"KEY CR. TRANSFER ONLINE-BK  017345595781024 WEB ID: 9000000008",1150.00,ACH_CREDIT,1448.93,,
DSLIP,12/12/2017,"REMOTE ONLINE DEPOSIT #          1",53.99,CHECK_DEPOSIT,298.93,1,
DEBIT,12/11/2017,"PAYPAL           INST XFER  XSOLLA          WEB ID: PAYPALSI77",-4.99,ACH_DEBIT,244.94,,
DEBIT,12/11/2017,"76 - STARVIN SAMS 14 BELLINGHAM WA           12/11",-46.09,DEBIT_CARD,249.93,,
DEBIT,12/11/2017,"DICK'S DRIVE-IN WALLING SEATTLE WA           12/10",-12.55,DEBIT_CARD,296.02,,
DEBIT,12/11/2017,"COMMUNITY FOOD CO-OP - BELLINGHAM WA 807936  12/09",-15.14,DEBIT_CARD,308.57,,
DEBIT,12/11/2017,"ARAMARK MILLER MARKET P BELLINGHAM WA        12/08",-5.68,DEBIT_CARD,323.71,,
CREDIT,12/11/2017,"VENMO            CASHOUT                    PPD ID: 5264681992",10.00,ACH_CREDIT,329.39,,
DEBIT,12/08/2017,"RITE AID STORE - 5238 BELLINGHAM WA  341188  12/08",-10.00,DEBIT_CARD,319.39,,
DEBIT,12/07/2017,"COMMUNITY FOOD CO-OP - BELLINGHAM WA 679935  12/07",-6.45,DEBIT_CARD,329.39,,
DEBIT,12/06/2017,"VENMO            PAYMENT    795883569       WEB ID: 3264681992",-17.03,ACH_DEBIT,335.84,,
DEBIT,12/06/2017,"TRANSFER TO SAV XXXXX9660 12/06",-25.00,ACCT_XFER,352.87,,
DEBIT,12/06/2017,"WWU EMARKETS 360-650-3720 WA                 12/05",-36.00,DEBIT_CARD,377.87,,
DEBIT,12/05/2017,"WWU EMARKETS 360-650-3720 WA                 12/04",-36.00,DEBIT_CARD,413.87,,
DEBIT,12/04/2017,"PAYPAL           INST XFER  PATREON         WEB ID: PAYPALSI77",-2.00,ACH_DEBIT,449.87,,
DEBIT,12/04/2017,"350.ORG 646-801-0759 NY                      12/01",-10.00,DEBIT_CARD,451.87,,
DEBIT,12/04/2017,"HAGGEN #3449 BELLINGHAM WA           215065  12/02",-23.33,DEBIT_CARD,461.87,,
DEBIT,12/04/2017,"76 - STARVIN SAMS 14 BELLINGHAM WA           12/01",-44.01,DEBIT_CARD,485.20,,
DEBIT,12/01/2017,"HAGGEN #3449 BELLINGHAM WA           866940  12/01",-30.53,DEBIT_CARD,529.21,,
DEBIT,12/01/2017,"HAGGEN #3449 BELLINGHAM WA           488646  12/01",-26.36,DEBIT_CARD,559.74,,
DEBIT,12/01/2017,"Online Transfer to  SAV ...9660 transaction#: 6633513773",-50.00,ACCT_XFER,586.10,,
DEBIT,11/30/2017,"PAYPAL           INST XFER  WIKIMEDIAFO     WEB ID: PAYPALSI77",-5.00,ACH_DEBIT,636.10,,
DEBIT,11/30/2017,"WWU PRINT AND COPY SERV BELLINGHAM WA        11/29",-35.00,DEBIT_CARD,641.10,,
DEBIT,11/29/2017,"FRED MEYE FRED MEYER 0 BELLINGHAM WA         11/29",-120.34,DEBIT_CARD,676.10,,
DSLIP,11/29/2017,"REMOTE ONLINE DEPOSIT #          1",12.00,CHECK_DEPOSIT,796.44,1,
DEBIT,11/28/2017,"VENMO            PAYMENT    782375982       WEB ID: 3264681992",-14.50,ACH_DEBIT,784.44,,
CREDIT,11/28/2017,"Square Inc       Squar      T20022795848    CCD ID: 8800429876",10.00,ACH_CREDIT,798.94,,
DSLIP,11/28/2017,"REMOTE ONLINE DEPOSIT #          1",47.99,CHECK_DEPOSIT,788.94,1,
DEBIT,11/27/2017,"PAYPAL           INST XFER  NEKOKIN         WEB ID: PAYPALSI77",-535.00,ACH_DEBIT,740.95,,
DEBIT,11/27/2017,"ZANE BURGERS BELLINGHAM WA                   11/26",-10.52,DEBIT_CARD,1275.95,,
DEBIT,11/27/2017,"SUNSET CAR WASH BELLINGHAM WA                11/25",-10.00,DEBIT_CARD,1286.47,,
DEBIT,11/24/2017,"ELSEVIER INC CHARGE 800-------- MO           11/24",-38.05,DEBIT_CARD,1296.47,,
DEBIT,11/24/2017,"76 - STARVIN SAMS 14 BELLINGHAM WA           11/22",-20.21,DEBIT_CARD,1334.52,,
DEBIT,11/24/2017,"ROOK AND ROGUE BOARD GA BELLINGHAM WA        11/21",-18.31,DEBIT_CARD,1354.73,,
CREDIT,11/24/2017,"KEY CR. TRANSFER ONLINE-BK  017326295062509 WEB ID: 9000000008",1150.00,ACH_CREDIT,1373.04,,
DEBIT,11/22/2017,"HAGGEN #3449 BELLINGHAM WA           886900  11/21",-14.82,DEBIT_CARD,223.04,,
DEBIT,11/22/2017,"ARAMARK VIKING UNION MA BELLINGHAM WA        11/20",-5.20,DEBIT_CARD,237.86,,
DEBIT,11/22/2017,"ARAMARK TOPIOS BELLINGHAM WA                 11/20",-7.91,DEBIT_CARD,243.06,,
DEBIT,11/21/2017,"FOREIGN EXCHANGE RATE ADJUSTMENT FEE         11/18SHELL 431",-1.70,FEE_TRANSACTION,250.97,,
DEBIT,11/21/2017,"SHELL 4314 WEST 10 AVEN VANCOUVER. BC        11/18 CA DOLLAR  72.34 X 0.7842134 (EXCHG RTE)",-56.73,DEBIT_CARD,252.67,,
CREDIT,11/21/2017,"VENMO            CASHOUT                    PPD ID: 5264681992",20.00,ACH_CREDIT,309.40,,
CREDIT,11/21/2017,"PAYPAL           TRANSFER                   PPD ID: PAYPALSD11",52.01,ACH_CREDIT,289.40,,
DEBIT,11/20/2017,"RANCHO BRAVO TACOS SEATTLE WA                11/19",-10.00,DEBIT_CARD,237.39,,
DEBIT,11/20/2017,"FOREIGN EXCHANGE RATE ADJUSTMENT FEE         11/18MANCHESTE",-0.38,FEE_TRANSACTION,247.39,,
DEBIT,11/20/2017,"MANCHESTER PUBLIC HOUSE VANCOUVER BC         11/18 CA DOLLAR  16.14 X 0.7868649 (EXCHG RTE)",-12.70,DEBIT_CARD,247.77,,
DEBIT,11/20/2017,"ARAMARK MILLER MARKET P BELLINGHAM WA        11/16",-6.95,DEBIT_CARD,260.47,,
CREDIT,11/20/2017,"VENMO            CASHOUT                    PPD ID: 5264681992",10.00,ACH_CREDIT,267.42,,
CREDIT,11/20/2017,"VENMO            CASHOUT                    PPD ID: 5264681992",68.50,ACH_CREDIT,257.42,,
DEBIT,11/17/2017,"ARAMARK MILLER MARKET P BELLINGHAM WA        11/15",-1.63,DEBIT_CARD,188.92,,
DEBIT,11/17/2017,"ARAMARK TONYS AT MILLER BELLINGHAM WA        11/15",-2.99,DEBIT_CARD,190.55,,
DEBIT,11/16/2017,"APL* ITUNES.COM/BILL 866-712-7753 CA         11/16",-6.50,DEBIT_CARD,193.54,,
DEBIT,11/16/2017,"SQ *BROTHA DUDES Bellingham WA               11/15",-11.78,DEBIT_CARD,200.04,,
DEBIT,11/16/2017,"BISTRO ATELIER DULLES DC                     11/14",-14.83,DEBIT_CARD,211.82,,
DEBIT,11/16/2017,"METRO 006-DUPONT CIRCLE WASHINGTON DC        11/14",-6.50,DEBIT_CARD,226.65,,
DEBIT,11/15/2017,"Blackfinn Ameripub - Wa Washington DC        11/13",-31.34,DEBIT_CARD,233.15,,
DEBIT,11/15/2017,"WASHINGTON DC CC REST 0 WASHINGTON DC        11/13",-9.75,DEBIT_CARD,264.49,,
DEBIT,11/15/2017,"WASHINGTON DC CC REST 0 WASHINGTON DC        11/12",-17.50,DEBIT_CARD,274.24,,
DEBIT,11/14/2017,"UBER   *TRIP 5ZJ6G 800-592-8996 CA           11/14",-10.75,DEBIT_CARD,291.74,,
DEBIT,11/14/2017,"UBER   *5ZRDW 800-592-8996 CA                11/14",-7.63,DEBIT_CARD,302.49,,
DEBIT,11/14/2017,"UBER   *6KUM7 800-592-8996 CA                11/14",-5.00,DEBIT_CARD,310.12,,
DEBIT,11/14/2017,"Kingfisher Washington DC                     11/13",-6.50,DEBIT_CARD,315.12,,
DEBIT,11/14/2017,"Kingfisher Washington DC                     11/12",-21.80,DEBIT_CARD,321.62,,
DEBIT,11/14/2017,"RENAISSANCE DC DNTWN 866-435-7627 DC         11/12",-26.10,DEBIT_CARD,343.42,,
DEBIT,11/13/2017,"NON-CHASE ATM FEE-WITH",-2.50,FEE_TRANSACTION,369.52,,
DEBIT,11/13/2017,"NON-CHASE ATM WITHDRAW               465616  11/13655 K ST",-23.00,ATM,372.02,,
DEBIT,11/13/2017,"UBER   *TRIP QWMMH 800-592-8996 CA           11/13",-10.24,DEBIT_CARD,395.02,,
DEBIT,11/13/2017,"UBER   *TRIP IVOAL 800-592-8996 CA           11/13",-7.31,DEBIT_CARD,405.26,,
DEBIT,11/13/2017,"FARE WELL WASHINGTON DC                      11/12",-42.00,DEBIT_CARD,412.57,,
DEBIT,11/13/2017,"BABY WALE WASHINGTON DC                      11/11",-15.10,DEBIT_CARD,454.57,,
DEBIT,11/13/2017,"APL* ITUNES.COM/BILL 866-712-7753 CA         11/11",-24.97,DEBIT_CARD,469.67,,
DEBIT,11/13/2017,"CHIPOTLE 1579 WASHINGTON DC                  11/11",-9.00,DEBIT_CARD,494.64,,
DEBIT,11/13/2017,"SAFEWAY STORE     2737 WASHINGTON DC 739967  11/11",-6.10,DEBIT_CARD,503.64,,
DEBIT,11/13/2017,"UBER   *TRIP N63KW 800-592-8996 CA           11/11",-7.88,DEBIT_CARD,509.74,,
DEBIT,11/13/2017,"UBER   *TRIP LWT2M 800-592-8996 CA           11/11",-7.92,DEBIT_CARD,517.62,,
DEBIT,11/13/2017,"THE CODMOTHER WASHINGTON DC                  11/10",-29.40,DEBIT_CARD,525.54,,
DEBIT,11/13/2017,"UBER   *ZWO6E 800-592-8996 CA                11/11",-8.16,DEBIT_CARD,554.94,,
DEBIT,11/13/2017,"UBER   *TRIP 62DCR 800-592-8996 CA           11/11",-7.98,DEBIT_CARD,563.10,,
DEBIT,11/13/2017,"BURGER KING #2510 MOUNT VERNON WA            11/09",-9.22,DEBIT_CARD,571.08,,
DEBIT,11/10/2017,"UBER   *TRIP TPCAT 800-592-8996 CA           11/10",-8.38,DEBIT_CARD,580.30,,
DEBIT,11/10/2017,"DULLES WASHINGTON FLYER CLIFTON VA           11/09",-5.00,DEBIT_CARD,588.68,,
DEBIT,11/10/2017,"CHEVRON 0211635 BELLINGHAM WA                11/09",-42.81,DEBIT_CARD,593.68,,
DEBIT,11/10/2017,"SQ *LAKEWAY CHEVRON & D Bellingham WA        11/09",-1.99,DEBIT_CARD,636.49,,
CREDIT,11/10/2017,"QuickPay with Zelle payment from SUSAN K LOFTUS 6660309315",100.00,QUICKPAY_CREDIT,638.48,,
DEBIT,11/09/2017,"ERM11835  1862 Wiehle RESTON VA              11/09",-10.00,DEBIT_CARD,538.48,,
DEBIT,11/09/2017,"USCONNECT ADVGV VEND N FERNDALE WA           11/09",-1.25,DEBIT_CARD,548.48,,
DEBIT,11/09/2017,"USCONNECT ADVGV VEND N FERNDALE WA           11/09",-1.25,DEBIT_CARD,549.73,,
DEBIT,11/08/2017,"CASA QUE PASA BELLINGHAM WA                  11/05",-23.07,DEBIT_CARD,550.98,,
DEBIT,11/06/2017,"TRANSFER TO SAV XXXXX9660 11/06",-25.00,ACCT_XFER,574.05,,
DEBIT,11/06/2017,"HAGGEN #3449 BELLINGHAM WA           834965  11/05",-31.15,DEBIT_CARD,599.05,,
DEBIT,11/06/2017,"ROOK AND ROGUE BOARD GA BELLINGHAM WA        11/05",-17.42,DEBIT_CARD,630.20,,
DEBIT,11/06/2017,"HAGGEN #3449 BELLINGHAM WA           241276  11/04",-22.39,DEBIT_CARD,647.62,,
DEBIT,11/03/2017,"WWU EMARKETS 360-650-3720 WA                 11/02",-36.00,DEBIT_CARD,670.01,,
DEBIT,11/02/2017,"350.ORG 646-801-0759 NY                      11/01",-10.00,DEBIT_CARD,706.01,,
DSLIP,11/02/2017,"REMOTE ONLINE DEPOSIT #          1",106.68,CHECK_DEPOSIT,716.01,1,
DEBIT,11/01/2017,"Online Transfer to  SAV ...9660 transaction#: 6552858233",-50.00,ACCT_XFER,609.33,,
DEBIT,10/30/2017,"HAGGEN #3449 BELLINGHAM WA           944242  10/28",-11.28,DEBIT_CARD,659.33,,
DEBIT,10/30/2017,"SAFEWAY  FUEL   1472 MOUNT VERNON WA 732981  10/28",-37.91,DEBIT_CARD,670.61,,
DEBIT,10/26/2017,"WITHDRAWAL 10/26",-535.00,MISC_DEBIT,708.52,,
DEBIT,10/26/2017,"FRED MEYE FRED MEYER 6 BELLINGHAM WA         10/26",-60.92,DEBIT_CARD,1243.52,,
CREDIT,10/25/2017,"RAISER,LLC       EDI PAYMNT FR4VGEDUDQH6Z3F CCD ID: 1800896455",20.22,ACH_CREDIT,1304.44,,
CREDIT,10/24/2017,"KEY CR. TRANSFER ONLINE-BK  017296745107443 WEB ID: 9000000008",1150.00,ACH_CREDIT,1284.22,,
DEBIT,10/18/2017,"UNITED      016292149 800-932-2732 TX        10/17",-75.00,DEBIT_CARD,134.22,,
CREDIT,10/18/2017,"Lyft.com         TRANSFER   Lyft 10-17 Wkly CCD ID: 1800948598",4.28,ACH_CREDIT,209.22,,
CREDIT,10/18/2017,"RAISER,LLC       EDI PAYMNT 382666097       CCD ID: 1800896455",11.28,ACH_CREDIT,204.94,,
DEBIT,10/17/2017,"WWU EMARKETS 360-650-3720 WA                 10/16",-36.00,DEBIT_CARD,193.66,,
CREDIT,10/17/2017,"Online Transfer from SAV ...9660 transaction#: 6599771908",75.00,ACCT_XFER,229.66,,
DEBIT,10/16/2017,"TARGET T- 30 Bellis Fa Bellingham WA         10/15",-27.16,DEBIT_CARD,154.66,,
DEBIT,10/16/2017,"ARAMARK ZOES BOOKSIDE B BELLINGHAM WA        10/14",-2.37,DEBIT_CARD,181.82,,
DEBIT,10/16/2017,"TRADER JOE'S # 151 BELLINGHAM WA     213983  10/14",-69.60,DEBIT_CARD,184.19,,
DEBIT,10/16/2017,"ARAMARK ZOES BOOKSIDE B BELLINGHAM WA        10/13",-7.70,DEBIT_CARD,253.79,,
DEBIT,10/16/2017,"ARAMARK TONYS AT MILLER BELLINGHAM WA        10/12",-3.86,DEBIT_CARD,261.49,,
DEBIT,10/16/2017,"ARAMARK MILLER MARKET P BELLINGHAM WA        10/12",-9.22,DEBIT_CARD,265.35,,
DEBIT,10/13/2017,"USCONNECT ADVGV VEND N FERNDALE WA           10/13",-1.75,DEBIT_CARD,274.57,,
DEBIT,10/13/2017,"USCONNECT ADVGV VEND N FERNDALE WA           10/13",-1.25,DEBIT_CARD,276.32,,
DEBIT,10/13/2017,"ARAMARK TONYS AT MILLER BELLINGHAM WA        10/11",-3.64,DEBIT_CARD,277.57,,
DEBIT,10/12/2017,"USCONNECT ADVGV VEND N FERNDALE WA           10/12",-1.25,DEBIT_CARD,281.21,,
DEBIT,10/12/2017,"USCONNECT ADVGV VEND N FERNDALE WA           10/12",-1.25,DEBIT_CARD,282.46,,
DEBIT,10/12/2017,"SQ *INDIA GRILL Bellingham WA                10/11",-8.15,DEBIT_CARD,283.71,,
DEBIT,10/12/2017,"ARAMARK MILLER MARKET P BELLINGHAM WA        10/10",-7.38,DEBIT_CARD,291.86,,
DEBIT,10/11/2017,"HAGGEN #3449 BELLINGHAM WA           933158  10/10",-15.99,DEBIT_CARD,299.24,,
DEBIT,10/11/2017,"ARAMARK MILLER MARKET P BELLINGHAM WA        10/09",-6.95,DEBIT_CARD,315.23,,
DEBIT,10/10/2017,"FRED MEYER 1225 W BAKE BELLINGHAM WA 722660  10/09",-37.44,DEBIT_CARD,322.18,,
DEBIT,10/10/2017,"WENDYS 9659 BELLINGHAM WA                    10/08",-8.24,DEBIT_CARD,359.62,,
DEBIT,10/10/2017,"RITE AID STORE - 5238 BELLINGHAM WA  569012  10/08",-54.34,DEBIT_CARD,367.86,,
DEBIT,10/10/2017,"ARAMARK TONYS AT MILLER BELLINGHAM WA        10/06",-6.90,DEBIT_CARD,422.20,,
DEBIT,10/06/2017,"TRANSFER TO SAV XXXXX9660 10/06",-25.00,ACCT_XFER,429.10,,
DEBIT,10/06/2017,"ARAMARK TONYS AT MILLER BELLINGHAM WA        10/04",-3.64,DEBIT_CARD,454.10,,
DEBIT,10/05/2017,"PIZZA TIME BELLINGHAM WA                     10/03",-12.45,DEBIT_CARD,457.74,,
DEBIT,10/04/2017,"PAYPAL           INST XFER  PARKMOBILE      WEB ID: PAYPALSI77",-2.25,ACH_DEBIT,470.19,,
DEBIT,10/04/2017,"PAYPAL           INST XFER  PARKMOBILE      WEB ID: PAYPALSI77",-4.25,ACH_DEBIT,472.44,,
DEBIT,10/04/2017,"SOC FOR NEUROSCIENCE 202-962-4000 DC         10/03",-280.00,DEBIT_CARD,476.69,,
DEBIT,10/04/2017,"ARAMARK STARBUCKS BELLINGHAM WA              10/02",-4.27,DEBIT_CARD,756.69,,
CREDIT,10/04/2017,"RAISER,LLC       EDI PAYMNT 370094409       CCD ID: 1800896455",6.55,ACH_CREDIT,760.96,,
DEBIT,10/03/2017,"PAYPAL           INST XFER  PARKMOBILE      WEB ID: PAYPALSI77",-4.25,ACH_DEBIT,754.41,,
DEBIT,10/02/2017,"PAYPAL           INST XFER  PATREON         WEB ID: PAYPALSI77",-2.00,ACH_DEBIT,758.66,,
DEBIT,10/02/2017,"350.ORG 646-801-0759 NY                      10/01",-10.00,DEBIT_CARD,760.66,,
DEBIT,09/29/2017,"NON-CHASE ATM FEE-WITH",-2.50,FEE_TRANSACTION,770.66,,
DEBIT,09/29/2017,"HAGGEN #3439 BELLINGHAM WA           887155  09/29",-62.60,DEBIT_CARD,773.16,,
DEBIT,09/29/2017,"Online Transfer to  SAV ...9660 transaction#: 6485382752",-50.00,ACCT_XFER,835.76,,
DEBIT,09/29/2017,"NON-CHASE ATM WITHDRAW               033546  09/281100 N. S",-27.00,ATM,885.76,,
DEBIT,09/28/2017,"ARAMARK TONYS AT MILLER BELLINGHAM WA        09/26",-4.95,DEBIT_CARD,912.76,,
DEBIT,09/27/2017,"PHO 99 BELLINGHAM BELLINGHAM WA              09/27",-26.94,DEBIT_CARD,917.71,,
DEBIT,09/27/2017,"PEL MENI BELLINGHAM WA                       09/25",-9.20,DEBIT_CARD,944.65,,
DEBIT,09/27/2017,"ARAMARK TONYS AT MILLER BELLINGHAM WA        09/25",-5.82,DEBIT_CARD,953.85,,
CREDIT,09/27/2017,"RAISER,LLC       EDI PAYMNT 363771909       CCD ID: 1800896455",6.03,ACH_CREDIT,959.67,,
DEBIT,09/25/2017,"PAYPAL           INST XFER  NEKOKIN         WEB ID: PAYPALSI77",-535.00,ACH_DEBIT,953.64,,
DEBIT,09/25/2017,"SHELL Service Station SEATTLE WA     033281  09/24",-40.64,DEBIT_CARD,1488.64,,
DEBIT,09/25/2017,"SHELL Service Station SEATTLE WA     233122  09/24",-3.88,DEBIT_CARD,1529.28,,
DEBIT,09/25/2017,"SQ *SEATTLE FUSION SEATTLE WA                09/23",-6.00,DEBIT_CARD,1533.16,,
DEBIT,09/25/2017,"ROXYS DELI SEATTLE WA                        09/23",-11.96,DEBIT_CARD,1539.16,,
DEBIT,09/25/2017,"TACO TIME BELLINGHAM-SA BELLINGHAM WA        09/23",-10.19,DEBIT_CARD,1551.12,,
DEBIT,09/25/2017,"THRESHOLD DOCUMENTS BELLINGHAM WA            09/22",-26.09,DEBIT_CARD,1561.31,,
DEBIT,09/22/2017,"PAYPAL           INST XFER  NEKOKIN         WEB ID: PAYPALSI77",-16.66,ACH_DEBIT,1587.40,,
DEBIT,09/22/2017,"SUPER DUPER BURGER & T BELLINGHAM WA         09/22",-11.64,DEBIT_CARD,1604.06,,
DEBIT,09/21/2017,"CITY OF BELLINGHAM PARK BELLINGHAM WA        09/20",-1.75,DEBIT_CARD,1615.70,,
DEBIT,09/21/2017,"CITY OF BELLINGHAM PARK BELLINGHAM WA        09/20",-0.50,DEBIT_CARD,1617.45,,
DEBIT,09/21/2017,"GREEN FROG BELLINGHAM WA                     09/20",-8.05,DEBIT_CARD,1617.95,,
DEBIT,09/20/2017,"PAYPAL           INST XFER  PARKMOBILE      WEB ID: PAYPALSI77",-3.25,ACH_DEBIT,1626.00,,
DEBIT,09/20/2017,"USCONNECT ADVGV VEND N FERNDALE WA           09/20",-1.75,DEBIT_CARD,1629.25,,
DEBIT,09/20/2017,"USCONNECT ADVGV VEND N FERNDALE WA           09/20",-1.25,DEBIT_CARD,1631.00,,
DEBIT,09/20/2017,"STARBUCKS STORE 03290 BELLINGHAM WA          09/18",-10.76,DEBIT_CARD,1632.25,,
CREDIT,09/20/2017,"KEY CR. TRANSFER ONLINE-BK  017262172295647 WEB ID: 9000000008",775.00,ACH_CREDIT,1643.01,,
DEBIT,09/19/2017,"BOOMERS DRIVE IN BELLINGHAM WA               09/17",-10.12,DEBIT_CARD,868.01,,
CREDIT,09/19/2017,"KEY CR. TRANSFER ONLINE-BK  017261156465208 WEB ID: 9000000008",375.00,ACH_CREDIT,878.13,,
CREDIT,09/19/2017,"KEY CR. TRANSFER ONLINE-BK  017261156392678 WEB ID: 9000000008",375.00,ACH_CREDIT,503.13,,
DEBIT,09/18/2017,"PAYPAL           INST XFER  XSOLLA          WEB ID: PAYPALSI77",-4.99,ACH_DEBIT,128.13,,
DEBIT,09/18/2017,"PAYPAL           INST XFER  NEKOKIN         WEB ID: PAYPALSI77",-27.00,ACH_DEBIT,133.12,,
DEBIT,09/18/2017,"VENMO            PAYMENT    678564632       WEB ID: 3264681992",-270.00,ACH_DEBIT,160.12,,
DEBIT,09/18/2017,"FRED MEYE FRED MEYER 0 SHORELINE WA          09/18",-21.99,DEBIT_CARD,430.12,,
DEBIT,09/18/2017,"SHELL Service Station SEATTLE WA     046742  09/18",-48.18,DEBIT_CARD,452.11,,
DEBIT,09/18/2017,"ATM WITHDRAWAL                       003537  09/16359 STRAN",-40.00,ATM,500.29,,
CREDIT,09/18/2017,"Online Transfer from SAV ...9660 transaction#: 6525428695",270.00,ACCT_XFER,540.29,,
DEBIT,09/15/2017,"SHELL Service Station LYNNWOOD WA    004726  09/15",-45.89,DEBIT_CARD,270.29,,
DEBIT,09/14/2017,"PAYPAL           INST XFER  KIGOSAI         WEB ID: PAYPALSI77",-10.00,ACH_DEBIT,316.18,,
DEBIT,09/14/2017,"HAGGEN #3449 BELLINGHAM WA           474956  09/13",-19.17,DEBIT_CARD,326.18,,
CREDIT,09/14/2017,"KEY CR. TRANSFER ONLINE-BK  017256074383884 WEB ID: 9000000008",296.54,ACH_CREDIT,345.35,,
DEBIT,09/13/2017,"PAYPAL           INST XFER  NEKOKIN         WEB ID: PAYPALSI77",-16.00,ACH_DEBIT,48.81,,
DEBIT,09/13/2017,"FRED MEYE FRED MEYER 0 BELLINGHAM WA         09/13",-70.67,DEBIT_CARD,64.81,,
CREDIT,09/13/2017,"Online Transfer from SAV ...9660 transaction#: 6514723386",100.00,ACCT_XFER,135.48,,
DEBIT,09/12/2017,"PAYPAL           INST XFER  KIGOSAI         WEB ID: PAYPALSI77",-11.00,ACH_DEBIT,35.48,,
CREDIT,09/12/2017,"KEY CR. TRANSFER ONLINE-BK  017254026572595 WEB ID: 9000000008",25.00,ACH_CREDIT,46.48,,
DEBIT,09/11/2017,"PAYPAL           INST XFER  NEKOKIN         WEB ID: PAYPALSI77",-2.45,ACH_DEBIT,21.48,,
DEBIT,09/11/2017,"PAYPAL           INST XFER  XSOLLA          WEB ID: PAYPALSI77",-4.99,ACH_DEBIT,23.93,,
DEBIT,09/11/2017,"PAYPAL           INST XFER  NEKOKIN         WEB ID: PAYPALSI77",-87.00,ACH_DEBIT,28.92,,
DEBIT,09/11/2017,"Etsy.com - MimiPrints 718-8557955 NY         09/10",-35.55,DEBIT_CARD,115.92,,
DEBIT,09/11/2017,"FRED MEYE FRED MEYER 0 BELLINGHAM WA         09/09",-14.57,DEBIT_CARD,151.47,,
DEBIT,09/11/2017,"FRED MEYE FRED MEYER 0 BELLINGHAM WA         09/09",-10.70,DEBIT_CARD,166.04,,
DEBIT,09/11/2017,"ATM WITHDRAWAL                       003490  09/091336 CORN",-75.00,ATM,176.74,,
DEBIT,09/11/2017,"SHELL Service Station SEATTLE WA     074292  09/09",-40.03,DEBIT_CARD,251.74,,
DEBIT,09/11/2017,"DICK'S DRIVE-IN WALLING SEATTLE WA           09/09",-7.27,DEBIT_CARD,291.77,,
DEBIT,09/11/2017,"SQ *VASSILI PROD. LLC Seattle WA             09/09",-17.50,DEBIT_CARD,299.04,,
DEBIT,09/11/2017,"BOOMERS DRIVE IN BELLINGHAM WA               09/08",-12.96,DEBIT_CARD,316.54,,
CREDIT,09/11/2017,"VENMO            CASHOUT                    PPD ID: 5264681992",20.00,ACH_CREDIT,329.50,,
CREDIT,09/11/2017,"Online Transfer from SAV ...9660 transaction#: 6506928789",75.00,ACCT_XFER,309.50,,
CREDIT,09/11/2017,"Online Transfer from SAV ...9660 transaction#: 6508034273",100.00,ACCT_XFER,234.50,,
DEBIT,09/08/2017,"FRED MEYE FRED MEYER 0 BELLINGHAM WA         09/08",-19.57,DEBIT_CARD,134.50,,
DEBIT,09/08/2017,"TACO TIME SAMISH BELLINGHAM WA               09/06",-17.46,DEBIT_CARD,154.07,,
DEBIT,09/06/2017,"WITHDRAWAL 09/06",-535.00,MISC_DEBIT,171.53,,
DEBIT,09/06/2017,"TRANSFER TO SAV XXXXX9660 09/06",-25.00,ACCT_XFER,706.53,,
DEBIT,09/06/2017,"EASY STREET RECORDS CAF SEATTLE WA           09/05",-27.12,DEBIT_CARD,731.53,,
DEBIT,09/06/2017,"BACCO/CHAN SEATTLE WA                        09/05",-42.38,DEBIT_CARD,758.65,,
DEBIT,09/05/2017,"PAYPAL           INST XFER  PATREON         WEB ID: PAYPALSI77",-2.00,ACH_DEBIT,801.03,,
DEBIT,09/05/2017,"350.ORG 646-801-0759 NY                      09/01",-10.00,DEBIT_CARD,803.03,,
DEBIT,09/05/2017,"PAYPAL           INST XFER  HAYLEYGG689     WEB ID: PAYPALSI77",-216.00,ACH_DEBIT,813.03,,
DEBIT,09/05/2017,"SHELL Service Station SEATTLE WA     091295  09/04",-46.53,DEBIT_CARD,1029.03,,
DEBIT,09/05/2017,"SQ *TINY'S ORGANIC, LLC Seattle WA           09/04",-10.00,DEBIT_CARD,1075.56,,
DEBIT,09/05/2017,"TOWN & COUNTRY 343 W BAINBRIDGE IS WA953406  09/03",-6.15,DEBIT_CARD,1085.56,,
DEBIT,09/01/2017,"Online Transfer to  SAV ...9660 transaction#: 6409507086",-50.00,ACCT_XFER,1091.71,,
DEBIT,09/01/2017,"RECYCLING AND DISPOSAL FERNDALE WA           08/31",-14.75,DEBIT_CARD,1141.71,,
DEBIT,09/01/2017,"MCDONALD'S F25879 BELLINGHAM WA              08/30",-6.94,DEBIT_CARD,1156.46,,
DEBIT,09/01/2017,"U-HAULBELLINGHAM COIN S BELLINGHAM WA        08/30",-69.54,DEBIT_CARD,1163.40,,
DEBIT,08/31/2017,"FRED MEYE FRED MEYER 0 BELLINGHAM WA         08/31",-24.73,DEBIT_CARD,1232.94,,
DEBIT,08/31/2017,"SHELL Service Station BELLINGHAM WA  783907  08/31",-2.54,DEBIT_CARD,1257.67,,
DEBIT,08/31/2017,"RECYCLING AND DISPOSAL FERNDALE WA           08/30",-14.75,DEBIT_CARD,1260.21,,
DEBIT,08/31/2017,"CASA QUE PASA BELLINGHAM WA                  08/30",-14.07,DEBIT_CARD,1274.96,,
DEBIT,08/31/2017,"FAIRHAVEN STORAGE BELLINHGAM WA              08/29",-80.00,DEBIT_CARD,1289.03,,
DEBIT,08/30/2017,"PAYPAL           INST XFER  HAYLEYGG689     WEB ID: PAYPALSI77",-9.43,ACH_DEBIT,1369.03,,
DEBIT,08/30/2017,"PAYPAL           INST XFER  HAYLEYGG689     WEB ID: PAYPALSI77",-22.46,ACH_DEBIT,1378.46,,
DEBIT,08/30/2017,"THE HOME DEPOT #4715 BELLINGHAM WA   401790  08/30",-3.85,DEBIT_CARD,1400.92,,
DEBIT,08/30/2017,"HAGGEN #3449 BELLINGHAM WA           100932  08/29",-5.47,DEBIT_CARD,1404.77,,
CREDIT,08/30/2017,"RAISER,LLC       EDI PAYMNT 339302657       CCD ID: 1800896455",9.80,ACH_CREDIT,1410.24,,
CREDIT,08/30/2017,"PAYPAL           TRANSFER                   PPD ID: PAYPALSD11",36.66,ACH_CREDIT,1400.44,,
CREDIT,08/30/2017,"Lyft.com         TRANSFER   Lyft 08-29 Wkly CCD ID: 1800948598",42.63,ACH_CREDIT,1363.78,,
DEBIT,08/29/2017,"THE HOME DEPOT #4715 BELLINGHAM WA   199329  08/29",-12.52,DEBIT_CARD,1321.15,,
DEBIT,08/29/2017,"WENDYS 9659 BELLINGHAM WA                    08/28",-8.36,DEBIT_CARD,1333.67,,
DEBIT,08/28/2017,"FRED MEYER FRED MEYER BELLINGHAM WA  725457  08/28",-2.50,DEBIT_CARD,1342.03,,
DEBIT,08/28/2017,"SHELL Service Station CUSTER WA      021347  08/26",-43.33,DEBIT_CARD,1344.53,,
DEBIT,08/28/2017,"FEDEX 787510430319 MEMPHIS TN                08/26",-23.50,DEBIT_CARD,1387.86,,
DEBIT,08/25/2017,"Dropbox*9S98DSB119QB db.tt/cchelp CA         08/24",-109.00,DEBIT_CARD,1411.36,,
DEBIT,08/25/2017,"CASA QUE PASA BELLINGHAM WA                  08/23",-12.67,DEBIT_CARD,1520.36,,
DEBIT,08/24/2017,"SUKHO THAI BELLEVUE WA                       08/22",-13.85,DEBIT_CARD,1533.03,,
CREDIT,08/23/2017,"Lyft.com         TRANSFER   Lyft 08-22 Wkly CCD ID: 1800948598",20.62,ACH_CREDIT,1546.88,,
CREDIT,08/23/2017,"RAISER,LLC       EDI PAYMNT 332715137       CCD ID: 1800896455",67.06,ACH_CREDIT,1526.26,,
CREDIT,08/23/2017,"KEY CR. TRANSFER ONLINE-BK  017234832356136 WEB ID: 9000000008",1150.00,ACH_CREDIT,1459.20,,
DEBIT,08/22/2017,"TIB-Pike St SEATTLE WA               605033  08/22",-13.87,DEBIT_CARD,309.20,,
DEBIT,08/22/2017,"SHELL Service Station CHEHALIS WA    030404  08/21",-32.77,DEBIT_CARD,323.07,,
DEBIT,08/21/2017,"CHEVRON 0305797 SISTERS OR                   08/20",-36.58,DEBIT_CARD,355.84,,
DEBIT,08/21/2017,"CAMP SHERMAN STORE 541-5956711 OR            08/19",-9.50,DEBIT_CARD,392.42,,
DEBIT,08/21/2017,"APL* ITUNES.COM/BILL 866-712-7753 CA         08/20",-2.16,DEBIT_CARD,401.92,,
DEBIT,08/18/2017,"PAYPAL           INST XFER  XSOLLA          WEB ID: PAYPALSI77",-4.99,ACH_DEBIT,404.08,,
DEBIT,08/18/2017,"VENMO            PAYMENT    633743558       WEB ID: 3264681992",-50.00,ACH_DEBIT,409.07,,
DEBIT,08/18/2017,"TARGET T- 1555 N Tomah PORTLAND OR           08/18",-5.55,DEBIT_CARD,459.07,,
DEBIT,08/18/2017,"SHELL Service Station TUMWATER WA    024279  08/18",-39.04,DEBIT_CARD,464.62,,
DEBIT,08/16/2017,"PAYPAL           INST XFER  BLIZZARDENT     WEB ID: PAYPALSI77",-16.50,ACH_DEBIT,503.66,,
CREDIT,08/16/2017,"Lyft.com         TRANSFER   Lyft 08-15 Wkly CCD ID: 1800948598",39.76,ACH_CREDIT,520.16,,
CREDIT,08/16/2017,"RAISER,LLC       EDI PAYMNT 326388681       CCD ID: 1800896455",320.92,ACH_CREDIT,480.40,,
DEBIT,08/15/2017,"FRED MEYE FRED MEYER 6 BELLINGHAM WA         08/15 Purchase $78.66 Cash Back $20.00",-98.66,DEBIT_CARD,159.48,,
DEBIT,08/15/2017,"FRED MEYE FRED MEYER 6 BELLINGHAM WA         08/15",-3.35,DEBIT_CARD,258.14,,
CREDIT,08/15/2017,"VENMO            CASHOUT                    PPD ID: 5264681992",11.50,ACH_CREDIT,261.49,,
CREDIT,08/15/2017,"Online Transfer from SAV ...9660 transaction#: 6445232066",100.00,ACCT_XFER,249.99,,
DEBIT,08/14/2017,"SOC FOR NEUROSCIENCE 202-962-4000 DC         08/13",-60.00,DEBIT_CARD,149.99,,
DEBIT,08/14/2017,"CHEVRON/ANNETTE HOLDI MOUNT VERNON WA000792  08/13",-38.10,DEBIT_CARD,209.99,,
CREDIT,08/14/2017,"Online Transfer from SAV ...9660 transaction#: 6440936563",60.00,ACCT_XFER,248.09,,
DEBIT,08/11/2017,"PAYPAL           INST XFER  ESADINSKY       WEB ID: PAYPALSI77",-11.00,ACH_DEBIT,188.09,,
DEBIT,08/10/2017,"PAYPAL           INST XFER  XSOLLA          WEB ID: PAYPALSI77",-4.99,ACH_DEBIT,199.09,,
DEBIT,08/09/2017,"WHOLEFDS BLW#106 1030 BELLINGHAM WA  651159  08/09",-10.29,DEBIT_CARD,204.08,,
DEBIT,08/09/2017,"CHEVRON 0374324 BELLINGHAM WA                08/08",-13.39,DEBIT_CARD,214.37,,
DEBIT,08/09/2017,"MEDITERRANEAN SPECIALTI BELLINGHAM WA        08/08",-8.29,DEBIT_CARD,227.76,,
CREDIT,08/09/2017,"Lyft.com         TRANSFER   Lyft 08-08 Wkly CCD ID: 1800948598",9.45,ACH_CREDIT,236.05,,
CREDIT,08/09/2017,"RAISER,LLC       EDI PAYMNT 320524293       CCD ID: 1800896455",22.01,ACH_CREDIT,226.60,,
DEBIT,08/08/2017,"SHELL Service Station TUKWILA WA     084094  08/08",-20.37,DEBIT_CARD,204.59,,
DEBIT,08/08/2017,"THE WOODS COFFEE LAKEWA BELLINGHAM WA        08/07",-6.65,DEBIT_CARD,224.96,,
DEBIT,08/07/2017,"TRANSFER TO SAV XXXXX9660 08/07",-25.00,ACCT_XFER,231.61,,
DEBIT,08/07/2017,"BELLINGHAM GROC BELLINGHAM WA                08/06",-2.29,DEBIT_CARD,256.61,,
DEBIT,08/07/2017,"CASA QUE PASA BELLINGHAM WA                  08/05",-11.49,DEBIT_CARD,258.90,,
DEBIT,08/07/2017,"COMMUNITY FOOD CO-OP - BELLINGHAM WA 377128  08/05",-5.16,DEBIT_CARD,270.39,,
DEBIT,08/07/2017,"SHELL Service Station TUKWILA WA     040227  08/05",-39.30,DEBIT_CARD,275.55,,
DEBIT,08/07/2017,"SHELL Service Station TUKWILA WA     031011  08/05",-5.86,DEBIT_CARD,314.85,,
DEBIT,08/03/2017,"PAYPAL           INST XFER  PARKMOBILE      WEB ID: PAYPALSI77",-4.25,ACH_DEBIT,320.71,,
DEBIT,08/03/2017,"THE WOODS COFFEE RAILRO BELLINGHAM WA        08/02",-3.71,DEBIT_CARD,324.96,,
DEBIT,08/03/2017,"HANA TERIYAKI BELLINGHAM WA                  08/02",-11.82,DEBIT_CARD,328.67,,
DEBIT,08/02/2017,"PAYPAL           INST XFER  PATREON         WEB ID: PAYPALSI77",-2.00,ACH_DEBIT,340.49,,
DEBIT,08/02/2017,"350.ORG 646-801-0759 NY                      08/01",-10.00,DEBIT_CARD,342.49,,
CREDIT,08/02/2017,"RAISER,LLC       EDI PAYMNT 314040981       CCD ID: 1800896455",13.11,ACH_CREDIT,352.49,,
CREDIT,08/02/2017,"Lyft.com         TRANSFER   Lyft 08-01 Wkly CCD ID: 1800948598",35.36,ACH_CREDIT,339.38,,
DEBIT,08/01/2017,"Online Transfer to  SAV ...9660 transaction#: 6332885536",-50.00,ACCT_XFER,304.02,,
DEBIT,08/01/2017,"WWU EMARKETS 360-650-3720 WA                 07/31",-36.00,DEBIT_CARD,354.02,,
DEBIT,08/01/2017,"CAPITOL CIDER SEATTLE WA                     07/30",-21.18,DEBIT_CARD,390.02,,
DEBIT,07/31/2017,"FRED MEYE FRED MEYER 0 BELLINGHAM WA         07/31",-7.29,DEBIT_CARD,411.20,,
DEBIT,07/31/2017,"BARNESNOBLE 4099 Merid BELLINGHAM WA 529948  07/31",-5.27,DEBIT_CARD,418.49,,
DEBIT,07/31/2017,"FRED MEYE FRED MEYER 0 BELLINGHAM WA         07/30",-38.49,DEBIT_CARD,423.76,,
DEBIT,07/31/2017,"PAYMENTS.IMPARK.COM 877-909-6199 BC          07/31",-48.00,DEBIT_CARD,462.25,,
DEBIT,07/31/2017,"SHELL Service Station SEATTLE WA     007425  07/30",-42.63,DEBIT_CARD,510.25,,
DEBIT,07/31/2017,"801 UNIVERSITY KID SEATTLE WA                07/30",-10.33,DEBIT_CARD,552.88,,
DEBIT,07/31/2017,"The Crescent Lounge Seattle WA               07/30",-14.95,DEBIT_CARD,563.21,,
DEBIT,07/31/2017,"SQ *MONSTER DOGS Seattle WA                  07/30",-14.40,DEBIT_CARD,578.16,,
DEBIT,07/31/2017,"SQ *UPTOWN ESPRESSO INC Seattle WA           07/29",-5.25,DEBIT_CARD,592.56,,
DEBIT,07/31/2017,"SQ *VASSILI PROD. LLC Seattle WA             07/29",-7.50,DEBIT_CARD,597.81,,
DEBIT,07/31/2017,"TACO TIME SAMISH BELLINGHAM WA               07/28",-11.94,DEBIT_CARD,605.31,,
DEBIT,07/31/2017,"MUTO RAMEN S IZAKAYA BE BELLINGHAM WA        07/27",-15.51,DEBIT_CARD,617.25,,
CREDIT,07/31/2017,"Online Transfer from SAV ...9660 transaction#: 6404750461",100.00,ACCT_XFER,632.76,,
DEBIT,07/27/2017,"WWU EMARKETS 360-650-3720 WA                 07/26",-36.00,DEBIT_CARD,532.76,,
DEBIT,07/27/2017,"USCONNECT ADVGV VEND N FERNDALE WA           07/26",-1.75,DEBIT_CARD,568.76,,
DEBIT,07/27/2017,"USCONNECT ADVGV VEND N FERNDALE WA           07/26",-1.25,DEBIT_CARD,570.51,,
DEBIT,07/26/2017,"PAYPAL           INST XFER  HAYLEYGG689     WEB ID: PAYPALSI77",-625.00,ACH_DEBIT,571.76,,
DEBIT,07/26/2017,"WALLY S BARBERSHOP BELLINGHAM WA             07/25",-23.00,DEBIT_CARD,1196.76,,
DEBIT,07/26/2017,"CITY OF BELLINGHAM PARK BELLINGHAM WA        07/25",-0.59,DEBIT_CARD,1219.76,,
DEBIT,07/26/2017,"SWEET ALCHEMY ICE CREAM SEATTLE WA           07/24",-9.88,DEBIT_CARD,1220.35,,
CREDIT,07/26/2017,"RAISER,LLC       EDI PAYMNT 307979333       CCD ID: 1800896455",32.46,ACH_CREDIT,1230.23,,
DEBIT,07/25/2017,"HAGGEN #3439 BELLINGHAM WA           895419  07/25",-8.68,DEBIT_CARD,1197.77,,
CREDIT,07/25/2017,"KEY CR. TRANSFER ONLINE-BK  017205722656729 WEB ID: 9000000008",1150.00,ACH_CREDIT,1206.45,,
DEBIT,07/24/2017,"PAYPAL           INST XFER  PARKMOBILE      WEB ID: PAYPALSI77",-4.25,ACH_DEBIT,56.45,,
DEBIT,07/24/2017,"ATM WITHDRAWAL                       000724  07/234501 UNIV",-20.00,ATM,60.70,,
DEBIT,07/24/2017,"SQ *SEATTLE FUSION SEATTLE WA                07/23",-8.25,DEBIT_CARD,80.70,,
DEBIT,07/24/2017,"SHELL Service Station LYNNWOOD WA    006348  07/22",-46.38,DEBIT_CARD,88.95,,
DEBIT,07/24/2017,"TACO TIME SAMISH BELLINGHAM WA               07/22",-10.84,DEBIT_CARD,135.33,,
DEBIT,07/24/2017,"Lyft 07-24 Exp VISA DIRECT CA        532015  07/24",9.38,DEBIT_CARD,146.17,,
DEBIT,07/24/2017,"Lyft 07-24 Exp VISA DIRECT CA        599730  07/24",9.49,DEBIT_CARD,136.79,,
DEBIT,07/21/2017,"NON-CHASE ATM FEE-WITH",-2.50,FEE_TRANSACTION,127.30,,
DEBIT,07/21/2017,"PAYPAL           INST XFER  PARKMOBILE      WEB ID: PAYPALSI77",-4.25,ACH_DEBIT,129.80,,
DEBIT,07/21/2017,"NON-CHASE ATM WITHDRAW               079075  07/201100 N. S",-12.00,ATM,134.05,,
DEBIT,07/21/2017,"USCONNECT ADVGV VEND N FERNDALE WA           07/21",-1.25,DEBIT_CARD,146.05,,
DEBIT,07/21/2017,"USCONNECT ADVGV VEND N FERNDALE WA           07/21",-1.25,DEBIT_CARD,147.30,,
DEBIT,07/21/2017,"ARAMARK STARBUCKS BELLINGHAM WA              07/19",-4.95,DEBIT_CARD,148.55,,
DEBIT,07/20/2017,"USCONNECT ADVGV VEND N FERNDALE WA           07/19",-1.75,DEBIT_CARD,153.50,,
DEBIT,07/20/2017,"USCONNECT ADVGV VEND N FERNDALE WA           07/19",-1.25,DEBIT_CARD,155.25,,
DEBIT,07/20/2017,"FEDEX 900191854504 MEMPHIS TN                07/19",-3.25,DEBIT_CARD,156.50,,
DEBIT,07/19/2017,"ARAMARK ZOES BOOKSIDE B BELLINGHAM WA        07/17",-3.10,DEBIT_CARD,159.75,,
DEBIT,07/19/2017,"HOTEL HOTEL PIZZA BAR SEATTLE WA             07/14",-10.51,DEBIT_CARD,162.85,,
CREDIT,07/19/2017,"RAISER,LLC       EDI PAYMNT 301684033       CCD ID: 1800896455",42.93,ACH_CREDIT,173.36,,
DEBIT,07/18/2017,"PAYPAL           INST XFER  XSOLLA          WEB ID: PAYPALSI77",-4.99,ACH_DEBIT,130.43,,
DEBIT,07/18/2017,"FRED MEYE FRED MEYER 0 BELLINGHAM WA         07/18",-16.29,DEBIT_CARD,135.42,,
DEBIT,07/17/2017,"SHELL Service Station BELLINGHAM WA  009658  07/17",-38.14,DEBIT_CARD,151.71,,
DEBIT,07/17/2017,"HAGGEN #3449 BELLINGHAM WA           717841  07/16",-5.98,DEBIT_CARD,189.85,,
DEBIT,07/17/2017,"SQ *VASSILI PROD. LLC Seattle WA             07/15",-17.50,DEBIT_CARD,195.83,,
DEBIT,07/17/2017,"STARBUCKS STORE 09679 BELLINGHAM WA          07/14",-7.61,DEBIT_CARD,213.33,,
DEBIT,07/17/2017,"CITY OF BELLINGHAM PARK BELLINGHAM WA        07/14",-1.00,DEBIT_CARD,220.94,,
DEBIT,07/17/2017,"LAFEEN`S FAMILY PRIDE D BELLINGHAM WA        07/13",-3.00,DEBIT_CARD,221.94,,
DEBIT,07/17/2017,"ARAMARK STARBUCKS BELLINGHAM WA              07/13",-2.93,DEBIT_CARD,224.94,,
DEBIT,07/14/2017,"PAYPAL           INST XFER  PARKMOBILE      WEB ID: PAYPALSI77",-4.25,ACH_DEBIT,227.87,,
DEBIT,07/14/2017,"FRED MEYE FRED MEYER 0 BELLINGHAM WA         07/13",-52.11,DEBIT_CARD,232.12,,
DEBIT,07/14/2017,"APL* ITUNES.COM/BILL 866-712-7753 CA         07/14",-4.33,DEBIT_CARD,284.23,,
DEBIT,07/14/2017,"BOOMERS DRIVE IN BELLINGHAM WA               07/13",-5.53,DEBIT_CARD,288.56,,
DEBIT,07/13/2017,"PAYPAL           INST XFER  PARKMOBILE      WEB ID: PAYPALSI77",-4.25,ACH_DEBIT,294.09,,
DEBIT,07/13/2017,"PAYPAL           INST XFER  PARKMOBILE      WEB ID: PAYPALSI77",-4.25,ACH_DEBIT,298.34,,
DEBIT,07/13/2017,"USCONNECT ADVGV VEND N FERNDALE WA           07/13",-1.75,DEBIT_CARD,302.59,,
DEBIT,07/13/2017,"USCONNECT ADVGV VEND N FERNDALE WA           07/13",-1.25,DEBIT_CARD,304.34,,
DEBIT,07/13/2017,"USCONNECT ADVGV VEND N FERNDALE WA           07/12",-1.25,DEBIT_CARD,305.59,,
DEBIT,07/13/2017,"USCONNECT ADVGV VEND N FERNDALE WA           07/12",-1.25,DEBIT_CARD,306.84,,
DEBIT,07/12/2017,"USCONNECT ADVGV VEND N FERNDALE WA           07/12",-1.25,DEBIT_CARD,308.09,,
DEBIT,07/12/2017,"USCONNECT ADVGV VEND N FERNDALE WA           07/12",-1.25,DEBIT_CARD,309.34,,
DEBIT,07/12/2017,"ARAMARK STARBUCKS BELLINGHAM WA              07/10",-3.53,DEBIT_CARD,310.59,,
CREDIT,07/12/2017,"Lyft.com         TRANSFER   Lyft 07-11 Wkly CCD ID: WFMSTRIPE1",29.79,ACH_CREDIT,314.12,,
DEBIT,07/11/2017,"UBER   *US JUL11 WIVJ 800-592-8996 CA        07/11",-7.84,DEBIT_CARD,284.33,,
DEBIT,07/11/2017,"USCONNECT ADVGV VEND N FERNDALE WA           07/11",-1.75,DEBIT_CARD,292.17,,
DEBIT,07/11/2017,"USCONNECT ADVGV VEND N FERNDALE WA           07/11",-1.25,DEBIT_CARD,293.92,,
DEBIT,07/11/2017,"PEL MENI BELLINGHAM WA                       07/10",-8.00,DEBIT_CARD,295.17,,
DEBIT,07/10/2017,"PAYPAL           INST XFER  PARKMOBILE      WEB ID: PAYPALSI77",-4.25,ACH_DEBIT,303.17,,
DEBIT,07/10/2017,"PAYPAL           INST XFER  XSOLLA          WEB ID: PAYPALSI77",-4.99,ACH_DEBIT,307.42,,
DEBIT,07/10/2017,"PAYPAL           INST XFER  FANDANGOMED     WEB ID: PAYPALSI77",-14.14,ACH_DEBIT,312.41,,
DEBIT,07/10/2017,"CASA QUE PASA BELLINGHAM WA                  07/08",-13.12,DEBIT_CARD,326.55,,
DEBIT,07/10/2017,"USCONNECT ADVGV VEND N FERNDALE WA           07/08",-1.75,DEBIT_CARD,339.67,,
DEBIT,07/10/2017,"USCONNECT ADVGV VEND N FERNDALE WA           07/08",-1.25,DEBIT_CARD,341.42,,
DEBIT,07/10/2017,"ARAMARK STARBUCKS BELLINGHAM WA              07/06",-3.64,DEBIT_CARD,342.67,,
DEBIT,07/07/2017,"USCONNECT ADVGV VEND N FERNDALE WA           07/07",-1.75,DEBIT_CARD,346.31,,
DEBIT,07/07/2017,"USCONNECT ADVGV VEND N FERNDALE WA           07/07",-1.25,DEBIT_CARD,348.06,,
DEBIT,07/07/2017,"ARAMARK STARBUCKS BELLINGHAM WA              07/05",-3.26,DEBIT_CARD,349.31,,
DEBIT,07/06/2017,"TRANSFER TO SAV XXXXX9660 07/06",-25.00,ACCT_XFER,352.57,,
DEBIT,07/05/2017,"GROCERY OUTLET BELLINGHAM WA                 07/04",-6.51,DEBIT_CARD,377.57,,
DEBIT,07/05/2017,"APL* ITUNES.COM/BILL 866-712-7753 CA         07/04",-3.25,DEBIT_CARD,384.08,,
DEBIT,07/05/2017,"USCONNECT ADVGV VEND N FERNDALE WA           07/04",-1.75,DEBIT_CARD,387.33,,
DEBIT,07/05/2017,"USCONNECT ADVGV VEND N FERNDALE WA           07/04",-1.25,DEBIT_CARD,389.08,,
DEBIT,07/05/2017,"ARAMARK VIKING UNION CA BELLINGHAM WA        07/03",-5.48,DEBIT_CARD,390.33,,
CREDIT,07/05/2017,"VENMO            CASHOUT                    PPD ID: 5264681992",15.75,ACH_CREDIT,395.81,,
CREDIT,07/05/2017,"RAISER,LLC       EDI PAYMNT 288413491       CCD ID: 1800896455",45.32,ACH_CREDIT,380.06,,
DEBIT,07/05/2017,"Lyft 07-04 Exp VISA DIRECT CA        576482  07/03",59.38,DEBIT_CARD,334.74,,
DEBIT,07/03/2017,"PAYPAL           INST XFER  PATREON         WEB ID: PAYPALSI77",-2.00,ACH_DEBIT,275.36,,
DEBIT,07/03/2017,"350.ORG 646-801-0759 NY                      07/01",-10.00,DEBIT_CARD,277.36,,
DEBIT,07/03/2017,"PAYPAL           INST XFER  HAYLEYGG689     WEB ID: PAYPALSI77",-16.68,ACH_DEBIT,287.36,,
DEBIT,07/03/2017,"FRED MEYE FRED MEYER 0 BELLINGHAM WA         07/03",-31.62,DEBIT_CARD,304.04,,
DEBIT,07/03/2017,"MAPLE FUEL WASH A TON MAPLE FALLS WA         07/01",-5.69,DEBIT_CARD,335.66,,
DEBIT,07/03/2017,"FRED MEYE FRED MEYER 0 BELLINGHAM WA         06/30 Purchase $12.49 Cash Back $20.00",-32.49,DEBIT_CARD,341.35,,
DEBIT,07/03/2017,"USCONNECT ADVGV VEND N FERNDALE WA           07/01",-1.25,DEBIT_CARD,373.84,,
DEBIT,07/03/2017,"CASA QUE PASA BELLINGHAM WA                  06/30",-9.99,DEBIT_CARD,375.09,,
DEBIT,07/03/2017,"APL* ITUNES.COM/BILL 866-712-7753 CA         06/30",-16.29,DEBIT_CARD,385.08,,
DEBIT,07/03/2017,"ARAMARK STARBUCKS BELLINGHAM WA              06/29",-3.64,DEBIT_CARD,401.37,,
DEBIT,06/30/2017,"PAYPAL           INST XFER  PARKMOBILE      WEB ID: PAYPALSI77",-4.25,ACH_DEBIT,405.01,,
DEBIT,06/30/2017,"Online Transfer to  SAV ...9660 transaction#: 6263175689",-50.00,ACCT_XFER,409.26,,
DEBIT,06/30/2017,"USCONNECT ADVGV VEND N FERNDALE WA           06/29",-1.75,DEBIT_CARD,459.26,,
DEBIT,06/29/2017,"ARAMARK STARBUCKS BELLINGHAM WA              06/27",-6.25,DEBIT_CARD,461.01,,
DEBIT,06/28/2017,"PAYPAL           INST XFER  PARKMOBILE      WEB ID: PAYPALSI77",-4.25,ACH_DEBIT,467.26,,
DEBIT,06/28/2017,"PAYPAL           INST XFER  PARKMOBILE      WEB ID: PAYPALSI77",-4.25,ACH_DEBIT,471.51,,
DEBIT,06/28/2017,"SHELL Service Station BELLINGHAM WA  005094  06/28",-36.73,DEBIT_CARD,475.76,,
DEBIT,06/28/2017,"COMMUNITY FOOD CO-OP - BELLINGHAM WA 588971  06/28",-3.87,DEBIT_CARD,512.49,,
DEBIT,06/28/2017,"USCONNECT ADVGV VEND N FERNDALE WA           06/28",-1.25,DEBIT_CARD,516.36,,
DEBIT,06/28/2017,"USCONNECT ADVGV VEND N FERNDALE WA           06/28",-1.75,DEBIT_CARD,517.61,,
DEBIT,06/28/2017,"MCDONALD'S F25879 BELLINGHAM WA              06/26",-4.65,DEBIT_CARD,519.36,,
CREDIT,06/28/2017,"RAISER,LLC       EDI PAYMNT 285162111       CCD ID: 1800896455",69.18,ACH_CREDIT,524.01,,
DEBIT,06/27/2017,"NON-CHASE ATM FEE-WITH",-2.50,FEE_TRANSACTION,454.83,,
DEBIT,06/27/2017,"PAYPAL           INST XFER  HAYLEYGG689     WEB ID: PAYPALSI77",-625.00,ACH_DEBIT,457.33,,
DEBIT,06/27/2017,"NON-CHASE ATM WITHDRAW               685155  06/26304 N 36T",-22.95,ATM,1082.33,,
DEBIT,06/27/2017,"FIAMMA BURGER BELLINGHAM WA                  06/26",-4.80,DEBIT_CARD,1105.28,,
DEBIT,06/27/2017,"USCONNECT ADVGV VEND N FERNDALE WA           06/26",-1.25,DEBIT_CARD,1110.08,,
DEBIT,06/27/2017,"USCONNECT ADVGV VEND N FERNDALE WA           06/26",-1.25,DEBIT_CARD,1111.33,,
DEBIT,06/27/2017,"MINERS LANDING SEATTLE SEATTLE WA            06/25",-10.58,DEBIT_CARD,1112.58,,
CREDIT,06/27/2017,"KEY CR. TRANSFER ONLINE-BK  017177749379297 WEB ID: 9000000008",150.00,ACH_CREDIT,1123.16,,
DEBIT,06/26/2017,"WA DEPT REVENUE  BLS PYMT   367884          WEB ID: 9916001118",-64.00,ACH_DEBIT,973.16,,
DEBIT,06/26/2017,"COMMUNITY FOOD CO-OP - BELLINGHAM WA 992391  06/26",-5.16,DEBIT_CARD,1037.16,,
DEBIT,06/26/2017,"JOHNNY'S GOURMET BURGER STANWOOD WA          06/25",-5.30,DEBIT_CARD,1042.32,,
DEBIT,06/26/2017,"76 - AMLIB KAUSHIK INC SEATTLE WA            06/25",-38.93,DEBIT_CARD,1047.62,,
DEBIT,06/26/2017,"AMZN RENTAL PURCHASE AMZN.COM/BILL WA        06/25",-147.81,DEBIT_CARD,1086.55,,
DEBIT,06/26/2017,"DICK'S DRIVE-IN WALLING SEATTLE WA           06/25",-7.98,DEBIT_CARD,1234.36,,
DEBIT,06/26/2017,"FRED MEYE FRED MEYER 0 BELLINGHAM WA         06/24",-10.53,DEBIT_CARD,1242.34,,
DEBIT,06/26/2017,"USCONNECT ADVGV VEND N FERNDALE WA           06/24",-1.25,DEBIT_CARD,1252.87,,
DEBIT,06/26/2017,"USCONNECT ADVGV VEND N FERNDALE WA           06/24",-1.75,DEBIT_CARD,1254.12,,
DEBIT,06/26/2017,"USCONNECT ADVGV VEND N FERNDALE WA           06/24",-1.25,DEBIT_CARD,1255.87,,
DEBIT,06/26/2017,"USCONNECT ADVGV VEND N FERNDALE WA           06/24",-2.00,DEBIT_CARD,1257.12,,
DEBIT,06/23/2017,"NON-CHASE ATM FEE-WITH",-2.50,FEE_TRANSACTION,1259.12,,
DEBIT,06/23/2017,"NON-CHASE ATM WITHDRAW               389787  06/23188E COLL",-43.00,ATM,1261.62,,
DEBIT,06/23/2017,"WWU EMARKETS 360-650-3720 WA                 06/22",-235.00,DEBIT_CARD,1304.62,,
DEBIT,06/23/2017,"USCONNECT ADVGV VEND N FERNDALE WA           06/22",-1.75,DEBIT_CARD,1539.62,,
DEBIT,06/23/2017,"PEL MENI BELLINGHAM WA                       06/21",-9.00,DEBIT_CARD,1541.37,,
DEBIT,06/22/2017,"SQ *EL CAPITAN'S Bellingham WA               06/22",-7.25,DEBIT_CARD,1550.37,,
DEBIT,06/22/2017,"UBER   *US JUN21 NRVN 800-592-8996 CA        06/22",-8.57,DEBIT_CARD,1557.62,,
DEBIT,06/22/2017,"USCONNECT ADVGV VEND N FERNDALE WA           06/22",-1.75,DEBIT_CARD,1566.19,,
DEBIT,06/22/2017,"ARAMARK STARBUCKS BELLINGHAM WA              06/20",-3.64,DEBIT_CARD,1567.94,,
CREDIT,06/22/2017,"Online Transfer from SAV ...9660 transaction#: 6314219055",235.00,ACCT_XFER,1571.58,,
DEBIT,06/21/2017,"HAGGEN #3439 BELLINGHAM WA           149564  06/20",-10.48,DEBIT_CARD,1336.58,,
DEBIT,06/21/2017,"HAGGEN #3439 BELLINGHAM WA                   06/20",-6.51,DEBIT_CARD,1347.06,,
CREDIT,06/21/2017,"RAISER,LLC       EDI PAYMNT 279859823       CCD ID: 1800896455",127.74,ACH_CREDIT,1353.57,,
DEBIT,06/20/2017,"76 - S & K VENTURES I MOUNT VERNON WA        06/20",-40.80,DEBIT_CARD,1225.83,,
DEBIT,06/20/2017,"JIFFY LUBE #2075 SEATTLE WA                  06/19",-63.29,DEBIT_CARD,1266.63,,
CREDIT,06/20/2017,"KEY CR. TRANSFER ONLINE-BK  017170535047993 WEB ID: 9000000008",1150.00,ACH_CREDIT,1329.92,,
DEBIT,06/19/2017,"PAYPAL           INST XFER  XSOLLA          WEB ID: PAYPALSI77",-4.99,ACH_DEBIT,179.92,,
DEBIT,06/19/2017,"OREILLY AUTO #2 SEATTLE WA                   06/18",-33.01,DEBIT_CARD,184.91,,
DEBIT,06/19/2017,"FRED MEYE FRED MEYER 0 BELLINGHAM WA         06/18",-9.62,DEBIT_CARD,217.92,,
DEBIT,06/19/2017,"HAGGEN #3449 BELLINGHAM WA                   06/18",-14.57,DEBIT_CARD,227.54,,
DEBIT,06/19/2017,"APL* ITUNES.COM/BILL 866-712-7753 CA         06/18",-4.34,DEBIT_CARD,242.11,,
DEBIT,06/19/2017,"FRED MEYE FRED MEYER 6 BELLINGHAM WA         06/17",-3.35,DEBIT_CARD,246.45,,
DEBIT,06/19/2017,"FRED MEYER 1225 W BAKE BELLINGHAM WA 920326  06/17",-31.80,DEBIT_CARD,249.80,,
DEBIT,06/16/2017,"NON-CHASE ATM FEE-WITH",-2.50,FEE_TRANSACTION,281.60,,
DEBIT,06/16/2017,"NON-CHASE ATM WITHDRAW               258582  06/151100 N. S",-12.00,ATM,284.10,,
DEBIT,06/15/2017,"TACO TIME WEST SEATTLE SEATTLE WA            06/13",-11.31,DEBIT_CARD,296.10,,
DEBIT,06/14/2017,"WA DOL LIC & REG 60134 BELLINGHAM WA 784258  06/14",-85.75,DEBIT_CARD,307.41,,
DEBIT,06/14/2017,"FRED MEYE FRED MEYER 0 BELLINGHAM WA         06/14",-16.31,DEBIT_CARD,393.16,,
DEBIT,06/14/2017,"REGAL BARKLEY VILLAGE S BELLINGHAM WA        06/13",-12.53,DEBIT_CARD,409.47,,
DEBIT,06/14/2017,"VILLA ITALIAN KITCHEN SEATTLE WA             06/13",-4.74,DEBIT_CARD,422.00,,
DEBIT,06/14/2017,"JOHNNY ROCKETS 239 SEATTLE WA                06/12",-30.69,DEBIT_CARD,426.74,,
DEBIT,06/13/2017,"ACE PARKING 3265 SEATTLE WA                  06/12",-18.00,DEBIT_CARD,457.43,,
DEBIT,06/12/2017,"PAYPAL           INST XFER  XSOLLA          WEB ID: PAYPALSI77",-4.99,ACH_DEBIT,475.43,,
DEBIT,06/12/2017,"SQ *A JUKE JOINT PRODUC Seattle WA           06/12",-7.25,DEBIT_CARD,480.42,,
DEBIT,06/12/2017,"SQ *FULL TILT ICE CREAM Seattle WA           06/12",-4.95,DEBIT_CARD,487.67,,
DEBIT,06/12/2017,"BALLARD LIQUOR STORE 2 SEATTLE WA            06/11",-11.17,DEBIT_CARD,492.62,,
DEBIT,06/12/2017,"SENOR MOOSE CAFE SEATTLE WA                  06/10",-19.25,DEBIT_CARD,503.79,,
DEBIT,06/12/2017,"76 - TWO TWELVE MARKET STANWOOD WA           06/10",-38.17,DEBIT_CARD,523.04,,
DEBIT,06/12/2017,"WHOLEFDS BLW#106 1030 BELLINGHAM WA  618454  06/10",-13.52,DEBIT_CARD,561.21,,
DEBIT,06/12/2017,"BAYOU ON BAY BELLINGHAM WA                   06/09",-6.00,DEBIT_CARD,574.73,,
DEBIT,06/12/2017,"BAYOU ON BAY BELLINGHAM WA                   06/09",-6.00,DEBIT_CARD,580.73,,
DEBIT,06/09/2017,"PAYPAL           INST XFER  HAYLEYGG689     WEB ID: PAYPALSI77",-28.98,ACH_DEBIT,586.73,,
DEBIT,06/08/2017,"FRED MEYE FRED MEYER 0 BELLINGHAM WA         06/08",-127.26,DEBIT_CARD,615.71,,
DEBIT,06/08/2017,"USCONNECT ADVGV VEND N FERNDALE WA           06/07",-1.25,DEBIT_CARD,742.97,,
DEBIT,06/08/2017,"USCONNECT ADVGV VEND N FERNDALE WA           06/07",-1.75,DEBIT_CARD,744.22,,
DEBIT,06/07/2017,"ARAMARK STARBUCKS BELLINGHAM WA              06/05",-4.07,DEBIT_CARD,745.97,,
DEBIT,06/06/2017,"TRANSFER TO SAV XXXXX9660 06/06",-25.00,ACCT_XFER,750.04,,
DEBIT,06/06/2017,"BOOMERS DRIVE IN BELLINGHAM WA               06/04",-9.92,DEBIT_CARD,775.04,,
DEBIT,06/05/2017,"CASA QUE PASA BELLINGHAM WA                  06/03",-10.99,DEBIT_CARD,784.96,,
DEBIT,06/05/2017,"APL* ITUNES.COM/BILL 866-712-7753 CA         06/03",-16.29,DEBIT_CARD,795.95,,
DEBIT,06/05/2017,"USCONNECT ADVGV VEND N FERNDALE WA           06/03",-1.25,DEBIT_CARD,812.24,,
DEBIT,06/05/2017,"ARAMARK ZOES BOOKSIDE B BELLINGHAM WA        06/02",-8.77,DEBIT_CARD,813.49,,
DEBIT,06/05/2017,"ARAMARK ZOES BOOKSIDE B BELLINGHAM WA        06/01",-7.37,DEBIT_CARD,822.26,,
CREDIT,06/05/2017,"Online Transfer from SAV ...9660 transaction#: 6275878550",200.00,ACCT_XFER,829.63,,
DEBIT,06/02/2017,"PAYPAL           INST XFER  PATREON         WEB ID: PAYPALSI77",-2.00,ACH_DEBIT,629.63,,
DEBIT,06/02/2017,"350.ORG 646-801-0759 NY                      06/01",-10.00,DEBIT_CARD,631.63,,
DEBIT,06/02/2017,"WWU FOUNDATION EMARKE 360-650-3720 WA        06/01",-5.00,DEBIT_CARD,641.63,,
DEBIT,06/02/2017,"ARAMARK ATRIUM POD BELLINGHAM WA             05/31",-4.23,DEBIT_CARD,646.63,,
DEBIT,06/01/2017,"Online Transfer to  SAV ...9660 transaction#: 6189032617",-50.00,ACCT_XFER,650.86,,
DEBIT,06/01/2017,"USCONNECT ADVGV VEND N FERNDALE WA           06/01",-1.25,DEBIT_CARD,700.86,,
DEBIT,06/01/2017,"USCONNECT ADVGV VEND N FERNDALE WA           06/01",-1.25,DEBIT_CARD,702.11,,
DEBIT,06/01/2017,"ARAMARK STARBUCKS BELLINGHAM WA              05/30",-7.66,DEBIT_CARD,703.36,,
DEBIT,05/31/2017,"UBER   *US MAY31 RRZV 800-592-8996 CA        05/31",-7.96,DEBIT_CARD,711.02,,
DEBIT,05/31/2017,"USCONNECT ADVGV VEND N FERNDALE WA           05/30",-1.25,DEBIT_CARD,718.98,,
DEBIT,05/31/2017,"USCONNECT ADVGV VEND N FERNDALE WA           05/30",-1.75,DEBIT_CARD,720.23,,
DEBIT,05/30/2017,"PAYPAL           INST XFER  HAYLEYGG689     WEB ID: PAYPALSI77",-625.00,ACH_DEBIT,721.98,,
DEBIT,05/30/2017,"KFC/TACO BELL #20502 POULSBO WA              05/29",-19.33,DEBIT_CARD,1346.98,,
DEBIT,05/30/2017,"CHEVRON 0373890 BAINBRIDGE IS WA             05/29",-33.58,DEBIT_CARD,1366.31,,
DEBIT,05/30/2017,"TACO TIME SAMISH BELLINGHAM WA               05/28",-6.29,DEBIT_CARD,1399.89,,
DEBIT,05/30/2017,"UNITED PACIFIC 2 SEDRO WOOLLEY WA    742593  05/28",-5.98,DEBIT_CARD,1406.18,,
DEBIT,05/30/2017,"FRED MEYER 800 LAKEWAY BELLINGHAM WA 609107  05/27",-34.83,DEBIT_CARD,1412.16,,
DEBIT,05/30/2017,"FRED MEYE FRED MEYER 0 BELLINGHAM WA         05/26",-4.34,DEBIT_CARD,1446.99,,
DEBIT,05/30/2017,"ARAMARK ATRIUM POD BELLINGHAM WA             05/26",-7.92,DEBIT_CARD,1451.33,,
DEBIT,05/30/2017,"ARAMARK MILLER MARKET P BELLINGHAM WA        05/26",-7.37,DEBIT_CARD,1459.25,,
DEBIT,05/26/2017,"FRED MEYE FRED MEYER 0 BELLINGHAM WA         05/26",-5.46,DEBIT_CARD,1466.62,,
DEBIT,05/26/2017,"FRED MEYE FRED MEYER 0 BELLINGHAM WA         05/26",-48.03,DEBIT_CARD,1472.08,,
DEBIT,05/26/2017,"BOOMERS DRIVE IN BELLINGHAM WA               05/24",-23.78,DEBIT_CARD,1520.11,,
DEBIT,05/26/2017,"ARAMARK ATRIUM POD BELLINGHAM WA             05/24",-4.74,DEBIT_CARD,1543.89,,
DEBIT,05/26/2017,"ASLAN BREWING CO BELLINGHAM WA               05/21",-8.35,DEBIT_CARD,1548.63,,
DEBIT,05/25/2017,"USCONNECT ADVGV VEND N FERNDALE WA           05/24",-1.75,DEBIT_CARD,1556.98,,
DEBIT,05/25/2017,"ARAMARK ATRIUM SUBWAY BELLINGHAM WA          05/23",-7.05,DEBIT_CARD,1558.73,,
DEBIT,05/24/2017,"USCONNECT ADVGV VEND N FERNDALE WA           05/24",-1.25,DEBIT_CARD,1565.78,,
DEBIT,05/24/2017,"BOOMERS DRIVE IN BELLINGHAM WA               05/22",-21.13,DEBIT_CARD,1567.03,,
DEBIT,05/24/2017,"ARAMARK ATRIUM POD BELLINGHAM WA             05/22",-4.87,DEBIT_CARD,1588.16,,
DEBIT,05/24/2017,"ARAMARK TONYS AT MILLER BELLINGHAM WA        05/22",-4.95,DEBIT_CARD,1593.03,,
DEBIT,05/23/2017,"USCONNECT ADVGV VEND N FERNDALE WA           05/23",-1.25,DEBIT_CARD,1597.98,,
CREDIT,05/23/2017,"KEY CR. TRANSFER ONLINE-BK  017142522049488 WEB ID: 9000000008",1150.00,ACH_CREDIT,1599.23,,
DEBIT,05/22/2017,"FRED MEYE FRED MEYER 0 BELLINGHAM WA         05/21",-5.28,DEBIT_CARD,449.23,,
DEBIT,05/22/2017,"SIRENAS GELATO CAFE BELLINGHAM WA            05/20",-7.37,DEBIT_CARD,454.51,,
DEBIT,05/22/2017,"J DUB'S FILLING STATION BELLINGHAM WA        05/20",-33.44,DEBIT_CARD,461.88,,
DEBIT,05/22/2017,"COMMUNITY FOOD CO-OP - BELLINGHAM WA 555857  05/20",-3.87,DEBIT_CARD,495.32,,
DEBIT,05/22/2017,"SQ *MOUNT BAKERY FAIRHA Bellingham WA        05/20",-14.95,DEBIT_CARD,499.19,,
DEBIT,05/22/2017,"SQ *EL CAPITAN'S Bellingham WA               05/20",-12.08,DEBIT_CARD,514.14,,
DEBIT,05/22/2017,"MCKAYS TAPHOUSE BELLINGHAM WA                05/19",-6.50,DEBIT_CARD,526.22,,
DEBIT,05/22/2017,"MCKAYS TAPHOUSE BELLINGHAM WA                05/19",-30.03,DEBIT_CARD,532.72,,
DEBIT,05/22/2017,"USCONNECT ADVGV VEND N FERNDALE WA           05/20",-1.75,DEBIT_CARD,562.75,,
DEBIT,05/22/2017,"USCONNECT ADVGV VEND N FERNDALE WA           05/20",-1.25,DEBIT_CARD,564.50,,
DEBIT,05/22/2017,"ARAMARK ATRIUM POD BELLINGHAM WA             05/19",-5.41,DEBIT_CARD,565.75,,
DEBIT,05/22/2017,"ARAMARK ROCKS EDGE CAFE BELLINGHAM WA        05/18",-11.28,DEBIT_CARD,571.16,,
DEBIT,05/19/2017,"UBER   *US MAY18 HFPA 800-592-8996 CA        05/19",-7.49,DEBIT_CARD,582.44,,
DEBIT,05/19/2017,"76 - STARVIN SAM 2 BELLINGHAM WA             05/18",-15.93,DEBIT_CARD,589.93,,
DEBIT,05/19/2017,"ARAMARK TOPIOS BELLINGHAM WA                 05/17",-7.48,DEBIT_CARD,605.86,,
DEBIT,05/19/2017,"ARAMARK STARBUCKS BELLINGHAM WA              05/17",-8.21,DEBIT_CARD,613.34,,
DEBIT,05/18/2017,"PAYPAL           INST XFER  XSOLLA          WEB ID: PAYPALSI77",-4.99,ACH_DEBIT,621.55,,
DEBIT,05/18/2017,"WILD BUFFALO BELLINGHAM WA                   05/18",-10.50,DEBIT_CARD,626.54,,
DEBIT,05/18/2017,"USCONNECT ADVGV VEND N FERNDALE WA           05/17",-1.25,DEBIT_CARD,637.04,,
DEBIT,05/18/2017,"USCONNECT ADVGV VEND N FERNDALE WA           05/17",-1.75,DEBIT_CARD,638.29,,
DEBIT,05/18/2017,"ARAMARK ATRIUM POD BELLINGHAM WA             05/16",-4.66,DEBIT_CARD,640.04,,
DEBIT,05/18/2017,"ARAMARK STARBUCKS BELLINGHAM WA              05/16",-4.95,DEBIT_CARD,644.70,,
DEBIT,05/17/2017,"UBER   *US MAY17 M4BI 800-592-8996 CA        05/17",-7.83,DEBIT_CARD,649.65,,
DEBIT,05/17/2017,"USCONNECT ADVGV VEND N FERNDALE WA           05/17",-1.75,DEBIT_CARD,657.48,,
DEBIT,05/17/2017,"USCONNECT ADVGV VEND N FERNDALE WA           05/17",-1.25,DEBIT_CARD,659.23,,
DEBIT,05/17/2017,"ARAMARK ATRIUM SUBWAY BELLINGHAM WA          05/15",-1.40,DEBIT_CARD,660.48,,
DEBIT,05/17/2017,"ARAMARK STARBUCKS BELLINGHAM WA              05/15",-4.84,DEBIT_CARD,661.88,,
DEBIT,05/17/2017,"ARAMARK MILLER MARKET P BELLINGHAM WA        05/15",-4.66,DEBIT_CARD,666.72,,
DEBIT,05/16/2017,"USCONNECT ADVGV VEND N FERNDALE WA           05/16",-1.75,DEBIT_CARD,671.38,,
DEBIT,05/16/2017,"USCONNECT ADVGV VEND N FERNDALE WA           05/16",-1.75,DEBIT_CARD,673.13,,
DEBIT,05/16/2017,"USCONNECT ADVGV VEND N FERNDALE WA           05/16",-1.75,DEBIT_CARD,674.88,,
DEBIT,05/15/2017,"PAYPAL           INST XFER  BILLWURTZ       WEB ID: PAYPALSI77",-5.00,ACH_DEBIT,676.63,,
DEBIT,05/15/2017,"SEATTLE 684-PARK SEATTLE WA                  05/13",-2.00,DEBIT_CARD,681.63,,
DEBIT,05/15/2017,"TACO TIME SAMISH BELLINGHAM WA               05/13",-9.42,DEBIT_CARD,683.63,,
DEBIT,05/15/2017,"MCKAYS TAPHOUSE BELLINGHAM WA                05/12",-5.50,DEBIT_CARD,693.05,,
DEBIT,05/15/2017,"PIZZA TIME BELLINGHAM WA                     05/12",-12.45,DEBIT_CARD,698.55,,
DEBIT,05/15/2017,"PEL MENI BELLINGHAM WA                       05/11",-9.20,DEBIT_CARD,711.00,,
DEBIT,05/11/2017,"ARAMARK ZOES BOOKSIDE B BELLINGHAM WA        05/09",-10.03,DEBIT_CARD,720.20,,
DEBIT,05/10/2017,"PAYPAL           INST XFER  XSOLLA          WEB ID: PAYPALSI77",-4.99,ACH_DEBIT,730.23,,
DEBIT,05/10/2017,"USCONNECT ADVGV VEND N FERNDALE WA           05/10",-2.00,DEBIT_CARD,735.22,,
DEBIT,05/09/2017,"7-ELEVEN SEATTLE WA                          05/08 Purchase $6.28 Cash Back $5.00",-11.28,DEBIT_CARD,737.22,,
DEBIT,05/08/2017,"TRANSFER TO SAV XXXXX9660 05/08",-25.00,ACCT_XFER,748.50,,
DEBIT,05/08/2017,"FRED MEYE FRED MEYER 0 BELLINGHAM WA         05/07",-6.17,DEBIT_CARD,773.50,,
DEBIT,05/08/2017,"VENMO NEW YORK NY                            05/07",-4.59,DEBIT_CARD,779.67,,
DEBIT,05/08/2017,"ARAMARK ZOES BOOKSIDE B BELLINGHAM WA        05/04",-5.60,DEBIT_CARD,784.26,,
DEBIT,05/05/2017,"CAP'S LOUNGE BELLINGHAM WA                   05/03",-5.50,DEBIT_CARD,789.86,,
DEBIT,05/05/2017,"ARAMARK STARBUCKS BELLINGHAM WA              05/03",-4.84,DEBIT_CARD,795.36,,
DEBIT,05/05/2017,"ARAMARK ATRIUM POD BELLINGHAM WA             05/03",-8.78,DEBIT_CARD,800.20,,
DEBIT,05/04/2017,"ANNUAL BRAINSCAPE PRO 8778877815 NY          05/02",-28.70,DEBIT_CARD,808.98,,
DEBIT,05/04/2017,"ARAMARK ZOES BOOKSIDE B BELLINGHAM WA        05/02",-2.59,DEBIT_CARD,837.68,,
DEBIT,05/03/2017,"FRED MEYE FRED MEYER 0 BELLINGHAM WA         05/03",-146.58,DEBIT_CARD,840.27,,
DEBIT,05/03/2017,"ARAMARK STARBUCKS BELLINGHAM WA              05/01",-4.51,DEBIT_CARD,986.85,,
DEBIT,05/02/2017,"PAYPAL           INST XFER  PATREON         WEB ID: PAYPALSI77",-2.00,ACH_DEBIT,991.36,,
DEBIT,05/02/2017,"350.ORG 646-801-0759 NY                      05/01",-10.00,DEBIT_CARD,993.36,,
DEBIT,05/02/2017,"CNP*WIRED MAGAZINE 800-769-4733 NY           05/02",2.26,DEBIT_CARD,1003.36,,
DEBIT,05/01/2017,"Online Transfer to  SAV ...9660 transaction#: 6115026592",-50.00,ACCT_XFER,1001.10,,
DEBIT,05/01/2017,"BEAVER INN BELLINGHAM WA                     04/29",-16.00,DEBIT_CARD,1051.10,,
DEBIT,05/01/2017,"BEAVER INN BELLINGHAM WA                     04/29",-13.50,DEBIT_CARD,1067.10,,
DEBIT,05/01/2017,"SQ *REDLIGHT BELLINGHAM Bellingham WA        04/29",-8.00,DEBIT_CARD,1080.60,,
DEBIT,05/01/2017,"JUN`S SUSHI & BENTO BELLINGHAM WA            04/29",-16.31,DEBIT_CARD,1088.60,,
DEBIT,05/01/2017,"APL* ITUNES.COM/BILL 866-712-7753 CA         04/30",-16.29,DEBIT_CARD,1104.91,,
DEBIT,05/01/2017,"ARAMARK ZOES BOOKSIDE B BELLINGHAM WA        04/27",-8.63,DEBIT_CARD,1121.20,,
DEBIT,04/28/2017,"FRED MEYE FRED MEYER 0 BELLINGHAM WA         04/28",-10.32,DEBIT_CARD,1129.83,,
DEBIT,04/28/2017,"ARAMARK MILLER MARKET P BELLINGHAM WA        04/26",-7.48,DEBIT_CARD,1140.15,,
DEBIT,04/27/2017,"PAYPAL           INST XFER  HAYLEYGG689     WEB ID: PAYPALSI77",-28.41,ACH_DEBIT,1147.63,,
DEBIT,04/27/2017,"PAYPAL           INST XFER  HAYLEYGG689     WEB ID: PAYPALSI77",-625.00,ACH_DEBIT,1176.04,,
CREDIT,04/25/2017,"KEY CR. TRANSFER ONLINE-BK  017114117728049 WEB ID: 9000000008",1136.67,ACH_CREDIT,1801.04,,
DEBIT,04/24/2017,"COMMUNITY FOOD CO-OP - BELLINGHAM WA 957138  04/23",-14.30,DEBIT_CARD,664.37,,
DEBIT,04/24/2017,"TRADER JOE'S # 151 BELLINGHAM WA     263965  04/23",-55.64,DEBIT_CARD,678.67,,
DEBIT,04/24/2017,"TERIYAKI BAR BELLINGHAM WA                   04/22",-15.20,DEBIT_CARD,734.31,,
DEBIT,04/24/2017,"BOB'S BURGERS & BREW- BELLINGHAM WA          04/22",-17.75,DEBIT_CARD,749.51,,
DEBIT,04/24/2017,"USCONNECT ADVGV VEND N FERNDALE WA           04/21",-1.25,DEBIT_CARD,767.26,,
DEBIT,04/24/2017,"ARAMARK ZOES BOOKSIDE B BELLINGHAM WA        04/19",-9.38,DEBIT_CARD,768.51,,
DEBIT,04/21/2017,"IN *REAL PROPERTY MANA 360-7783518 WA        04/20",-45.00,DEBIT_CARD,777.89,,
DEBIT,04/21/2017,"ELIZABETH STATION BELLINGHAM WA              04/19",-2.22,DEBIT_CARD,822.89,,
DEBIT,04/21/2017,"ARAMARK ATRIUM POD BELLINGHAM WA             04/19",-5.96,DEBIT_CARD,825.11,,
DEBIT,04/20/2017,"FRED MEYE FRED MEYER 0 BELLINGHAM WA         04/20",-61.65,DEBIT_CARD,831.07,,
DEBIT,04/20/2017,"FRED MEYER FRED MEYER BELLINGHAM WA  638627  04/20",-0.99,DEBIT_CARD,892.72,,
DEBIT,04/20/2017,"FRED MEYER FRED MEYER BELLINGHAM WA  511535  04/20",-2.91,DEBIT_CARD,893.71,,
DEBIT,04/20/2017,"ARAMARK TONYS AT MILLER BELLINGHAM WA        04/17",-5.49,DEBIT_CARD,896.62,,
DEBIT,04/19/2017,"ARAMARK MILLER MARKET P BELLINGHAM WA        04/17",-3.26,DEBIT_CARD,902.11,,
CREDIT,04/19/2017,"KEY CR. TRANSFER ONLINE-BK  017108890677584 WEB ID: 9000000008",585.00,ACH_CREDIT,905.37,,
DEBIT,04/18/2017,"NON-CHASE ATM FEE-WITH",-2.50,FEE_TRANSACTION,320.37,,
DEBIT,04/18/2017,"PAYPAL           INST XFER  XSOLLA          WEB ID: PAYPALSI77",-4.99,ACH_DEBIT,322.87,,
DEBIT,04/18/2017,"NON-CHASE ATM WITHDRAW               462370  04/18516 HIGH",-25.00,ATM,327.86,,
DEBIT,04/18/2017,"BOOMERS DRIVE IN BELLINGHAM WA               04/16",-20.25,DEBIT_CARD,352.86,,
DEBIT,04/17/2017,"Chase QuickPay Electronic Transfer 6156767891 to Devin Crowley",-540.00,QUICKPAY_DEBIT,373.11,,
DEBIT,04/17/2017,"FRED MEYE FRED MEYER 0 BELLINGHAM WA         04/15",-30.53,DEBIT_CARD,913.11,,
DEBIT,04/17/2017,"76 - STARVIN SAMS 14 BELLINGHAM WA           04/16",-43.93,DEBIT_CARD,943.64,,
DEBIT,04/17/2017,"STARVIN SAMS 14 BELLINGHAM WA        876211  04/15",-4.58,DEBIT_CARD,987.57,,
DEBIT,04/17/2017,"APL* ITUNES.COM/BILL 866-712-7753 CA         04/15",-4.34,DEBIT_CARD,992.15,,
DEBIT,04/17/2017,"UBER   *US APR15 6ESY 800-592-8996 CA        04/15",-8.24,DEBIT_CARD,996.49,,
DEBIT,04/17/2017,"ARAMARK STARBUCKS BELLINGHAM WA              04/14",-8.91,DEBIT_CARD,1004.73,,
DEBIT,04/17/2017,"ARAMARK TONYS AT MILLER BELLINGHAM WA        04/12",-4.32,DEBIT_CARD,1013.64,,
CREDIT,04/17/2017,"Online Transfer from SAV ...9660 transaction#: 6156722471",540.00,ACCT_XFER,1017.96,,
DEBIT,04/14/2017,"CASA QUE PASA BELLINGHAM WA                  04/12",-16.26,DEBIT_CARD,477.96,,
DEBIT,04/14/2017,"ARAMARK MILLER MARKET P BELLINGHAM WA        04/12",-8.77,DEBIT_CARD,494.22,,
DEBIT,04/13/2017,"USCONNECT ADVGV VEND N FERNDALE WA           04/13",-1.25,DEBIT_CARD,502.99,,
DEBIT,04/12/2017,"HAGGEN FOOD #43 BELLINGHAM WA                04/11",-5.19,DEBIT_CARD,504.24,,
DEBIT,04/11/2017,"PAYPAL           INST XFER  HAYLEYGG689     WEB ID: PAYPALSI77",-180.24,ACH_DEBIT,509.43,,
DEBIT,04/11/2017,"RITE AID STORE - 5238 BELLINGHAM WA  256502  04/11",-3.98,DEBIT_CARD,689.67,,
DEBIT,04/11/2017,"USCONNECT ADVGV VEND N FERNDALE WA           04/11",-1.25,DEBIT_CARD,693.65,,
DEBIT,04/11/2017,"MAMBO ITALIANO CAFE BELLINGHAM WA            04/10",-37.41,DEBIT_CARD,694.90,,
DEBIT,04/10/2017,"PAYPAL           INST XFER  XSOLLA          WEB ID: PAYPALSI77",-4.99,ACH_DEBIT,732.31,,
DEBIT,04/10/2017,"PAYPAL           INST XFER  HAYLEYGG689     WEB ID: PAYPALSI77",-625.00,ACH_DEBIT,737.30,,
DEBIT,04/10/2017,"BEST BUY #359 BELLINGHAM WA                  04/09",-53.56,DEBIT_CARD,1362.30,,
DEBIT,04/10/2017,"SQ *SEATTLE FUSION FEST Seattle WA           04/08",-8.25,DEBIT_CARD,1415.86,,
DEBIT,04/10/2017,"BIG MARIOS SEATTLE WA                        04/08",-5.27,DEBIT_CARD,1424.11,,
DEBIT,04/10/2017,"CASTLE MEGASTORE #24 SEATTLE WA              04/08",-55.87,DEBIT_CARD,1429.38,,
DEBIT,04/10/2017,"SEATTLE METER PARKING SEATTLE WA             04/08",-1.87,DEBIT_CARD,1485.25,,
DEBIT,04/10/2017,"TIB-Pike St Seattle WA               205340  04/08",-201.04,DEBIT_CARD,1487.12,,
DEBIT,04/10/2017,"DICK'S DRIVE-IN WALLING SEATTLE WA           04/08",-0.17,DEBIT_CARD,1688.16,,
DEBIT,04/10/2017,"DICK'S DRIVE-IN WALLING SEATTLE WA           04/08",-7.27,DEBIT_CARD,1688.33,,
DEBIT,04/10/2017,"SQ *SEATTLE FUSION FEST Seattle WA           04/07",-9.00,DEBIT_CARD,1695.60,,
DEBIT,04/10/2017,"ARAMARK ZOES BOOKSIDE B BELLINGHAM WA        04/07",-9.11,DEBIT_CARD,1704.60,,
CREDIT,04/10/2017,"Online Transfer from SAV ...9660 transaction#: 6137873833",250.00,ACCT_XFER,1713.71,,
DEBIT,04/07/2017,"ARAMARK ZOES BOOKSIDE B BELLINGHAM WA        04/05",-1.29,DEBIT_CARD,1463.71,,
DEBIT,04/07/2017,"ARAMARK ATRIUM POD BELLINGHAM WA             04/05",-8.78,DEBIT_CARD,1465.00,,
DEBIT,04/06/2017,"PAYPAL           INST XFER  HAYLEYGG689     WEB ID: PAYPALSI77",-5.00,ACH_DEBIT,1473.78,,
DEBIT,04/06/2017,"COMMUNITY FOOD CO-OP - BELLINGHAM WA 298250  04/06",-5.16,DEBIT_CARD,1478.78,,
DEBIT,04/06/2017,"TRANSFER TO SAV XXXXX9660 04/06",-25.00,ACCT_XFER,1483.94,,
DEBIT,04/06/2017,"UBER   *US APR05 MPXA 800-592-8996 CA        04/05",-12.20,DEBIT_CARD,1508.94,,
DEBIT,04/06/2017,"USCONNECT ADVGV VEND N FERNDALE WA           04/05",-2.25,DEBIT_CARD,1521.14,,
DEBIT,04/06/2017,"USCONNECT ADVGV VEND N FERNDALE WA           04/05",-2.25,DEBIT_CARD,1523.39,,
DEBIT,04/06/2017,"APL* ITUNES.COM/BILL 866-712-7753 CA         04/05",-8.67,DEBIT_CARD,1525.64,,
DEBIT,04/06/2017,"ARAMARK TOPIOS BELLINGHAM WA                 04/03",-7.48,DEBIT_CARD,1534.31,,
DEBIT,04/04/2017,"FRED MEYE FRED MEYER 0 BELLINGHAM WA         04/03",-28.85,DEBIT_CARD,1541.79,,
DEBIT,04/04/2017,"USCONNECT ADVGV VEND N FERNDALE WA           04/03",-1.25,DEBIT_CARD,1570.64,,
DEBIT,04/03/2017,"PAYPAL           INST XFER  PATREON         WEB ID: PAYPALSI77",-2.00,ACH_DEBIT,1571.89,,
DEBIT,04/03/2017,"350.ORG 646-801-0759 NY                      04/01",-10.00,DEBIT_CARD,1573.89,,
DEBIT,04/03/2017,"ARAMARK TOPIOS BELLINGHAM WA                 03/31",-7.48,DEBIT_CARD,1583.89,,
DEBIT,04/03/2017,"ARAMARK STARBUCKS BELLINGHAM WA              03/31",-8.04,DEBIT_CARD,1591.37,,
DEBIT,04/03/2017,"APL* ITUNES.COM/BILL 866-712-7753 CA         03/31",-20.63,DEBIT_CARD,1599.41,,
DEBIT,03/31/2017,"Online Transfer to  SAV ...9660 transaction#: 6042639538",-50.00,ACCT_XFER,1620.04,,
DEBIT,03/31/2017,"BELLINGHAM BAR & GRILL BELLINGHAM WA         03/29",-11.75,DEBIT_CARD,1670.04,,
DEBIT,03/30/2017,"UBER   *US MAR29 CFXK 800-592-8996 CA        03/30",-7.76,DEBIT_CARD,1681.79,,
DEBIT,03/30/2017,"ARAMARK VIKING UNION MA BELLINGHAM WA        03/28",-6.28,DEBIT_CARD,1689.55,,
DEBIT,03/29/2017,"VENMO 855-812-4430 NY                        03/28",-65.00,DEBIT_CARD,1695.83,,
DEBIT,03/28/2017,"76 - STARVIN SAMS 14 BELLINGHAM WA           03/27",-29.74,DEBIT_CARD,1760.83,,
DEBIT,03/28/2017,"HAGGEN FOOD #43 BELLINGHAM WA                03/27",-48.23,DEBIT_CARD,1790.57,,
DEBIT,03/27/2017,"MYKONOS GREEK GRILL SEATTLE WA               03/25",-32.81,DEBIT_CARD,1838.80,,
DEBIT,03/27/2017,"BELLINGHAM GROC BELLINGHAM WA                03/25",-68.52,DEBIT_CARD,1871.61,,
DEBIT,03/27/2017,"WALLY S BARBERSHOP BELLINGHAM WA             03/25",-23.00,DEBIT_CARD,1940.13,,
DEBIT,03/27/2017,"ORANGE JULIUS #61456 BELLINGHAM WA           03/24",-3.97,DEBIT_CARD,1963.13,,
DEBIT,03/27/2017,"CINNABON FERNDALE WA                         03/24",-5.78,DEBIT_CARD,1967.10,,
CREDIT,03/27/2017,"KEY CR. TRANSFER ONLINE-BK  017083824841909 WEB ID: 9000000008",105.96,ACH_CREDIT,1972.88,,
DEBIT,03/24/2017,"OFFICE MAX/OFFI 1055 E BELLINGHAM WA 511691  03/24",-105.96,DEBIT_CARD,1866.92,,
DEBIT,03/23/2017,"SQ *JJ'S IN AND OUT Bellingham WA            03/22",-23.63,DEBIT_CARD,1972.88,,
CREDIT,03/23/2017,"KEY CR. TRANSFER ONLINE-BK  017081710412205 WEB ID: 9000000008",1136.67,ACH_CREDIT,1996.51,,
DEBIT,03/22/2017,"PAYPAL           INST XFER  STEAM GAMES     WEB ID: PAYPALSI77",-43.47,ACH_DEBIT,859.84,,
DEBIT,03/22/2017,"CHEVRON 0094948 BELLINGHAM WA                03/21",-8.60,DEBIT_CARD,903.31,,
DEBIT,03/22/2017,"CHEVRON 0203477 SEATTLE WA                   03/21",-39.34,DEBIT_CARD,911.91,,
DEBIT,03/21/2017,"CHEVRON/SALMON SERVICE SEATTLE WA    640585  03/21",-5.52,DEBIT_CARD,951.25,,
DEBIT,03/21/2017,"WWU EMARKETS 360-650-3720 WA                 03/20",-85.00,DEBIT_CARD,956.77,,
DEBIT,03/20/2017,"PAYPAL           INST XFER  XSOLLA          WEB ID: PAYPALSI77",-4.99,ACH_DEBIT,1041.77,,
DEBIT,03/20/2017,"TOWN & COUNTRY 343 W BAINBRIDGE IS WA622213  03/19",-4.79,DEBIT_CARD,1046.76,,
DEBIT,03/20/2017,"TOWN & COUNTRY 343 W BAINBRIDGE IS WA453341  03/19",-13.50,DEBIT_CARD,1051.55,,
DEBIT,03/20/2017,"TACO DEL MAR 400021287 SEATTLE WA            03/19",-6.86,DEBIT_CARD,1065.05,,
DEBIT,03/15/2017,"ARAMARK ZOES BOOKSIDE B BELLINGHAM WA        03/13",-8.19,DEBIT_CARD,1071.91,,
DEBIT,03/15/2017,"ARAMARK ZOES BOOKSIDE B BELLINGHAM WA        03/13",-7.05,DEBIT_CARD,1080.10,,
DEBIT,03/15/2017,"ARAMARK ZOES BOOKSIDE B BELLINGHAM WA        03/13",-6.16,DEBIT_CARD,1087.15,,
DEBIT,03/14/2017,"BOOMERS DRIVE IN BELLINGHAM WA               03/12",-9.92,DEBIT_CARD,1093.31,,
DEBIT,03/13/2017,"LOVITT RESTAURANT BELLINGHAM WA              03/11",-36.25,DEBIT_CARD,1103.23,,
DEBIT,03/13/2017,"ARAMARK ZOES BOOKSIDE B BELLINGHAM WA        03/11",-5.60,DEBIT_CARD,1139.48,,
DEBIT,03/13/2017,"ARAMARK ZOES BOOKSIDE B BELLINGHAM WA        03/10",-5.60,DEBIT_CARD,1145.08,,
DEBIT,03/13/2017,"ARAMARK ZOES BOOKSIDE B BELLINGHAM WA        03/10",-6.57,DEBIT_CARD,1150.68,,
DEBIT,03/13/2017,"PIZZA TIME BELLINGHAM WA                     03/09",-17.75,DEBIT_CARD,1157.25,,
DEBIT,03/13/2017,"ARAMARK ZOES BOOKSIDE B BELLINGHAM WA        03/09",-7.44,DEBIT_CARD,1175.00,,
DEBIT,03/10/2017,"PAYPAL           INST XFER  XSOLLA          WEB ID: PAYPALSI77",-4.99,ACH_DEBIT,1182.44,,
DEBIT,03/08/2017,"WENDYS-SWL #4023 (9659) BELLINGHAM WA        03/08",-8.46,DEBIT_CARD,1187.43,,
DEBIT,03/08/2017,"ARAMARK ZOES BOOKSIDE B BELLINGHAM WA        03/06",-6.14,DEBIT_CARD,1195.89,,
DEBIT,03/07/2017,"WITHDRAWAL 03/07",-758.00,MISC_DEBIT,1202.03,,
CREDIT,03/07/2017,"KEY CR. TRANSFER ONLINE-BK  017065062546410 WEB ID: 9000000008",108.00,ACH_CREDIT,1960.03,,
DEBIT,03/06/2017,"NON-CHASE ATM FEE-WITH",-2.50,FEE_TRANSACTION,1852.03,,
DEBIT,03/06/2017,"NON-CHASE ATM WITHDRAW               072817  03/06516 HIGH",-25.00,ATM,1854.53,,
DEBIT,03/06/2017,"TRANSFER TO SAV XXXXX9660 03/06",-25.00,ACCT_XFER,1879.53,,
DEBIT,03/06/2017,"FEDEXOFFICE   00051219 BELLINGHAM WA         03/04",-13.02,DEBIT_CARD,1904.53,,
DEBIT,03/06/2017,"ARAMARK ATRIUM POD BELLINGHAM WA             03/03",-2.15,DEBIT_CARD,1917.55,,
DEBIT,03/06/2017,"ARAMARK ZOES BOOKSIDE B BELLINGHAM WA        03/03",-6.57,DEBIT_CARD,1919.70,,
DEBIT,03/06/2017,"ARAMARK TOPIOS BELLINGHAM WA                 03/02",-8.46,DEBIT_CARD,1926.27,,
DEBIT,03/03/2017,"FRED MEYE FRED MEYER 0 BELLINGHAM WA         03/03",-80.92,DEBIT_CARD,1934.73,,
DEBIT,03/03/2017,"FRED MEYE FRED MEYER 0 BELLINGHAM WA         03/03",-3.24,DEBIT_CARD,2015.65,,
DEBIT,03/03/2017,"ARAMARK ZOES BOOKSIDE B BELLINGHAM WA        03/01",-0.17,DEBIT_CARD,2018.89,,
DEBIT,03/03/2017,"ARAMARK MILLER MARKET P BELLINGHAM WA        03/01",-3.26,DEBIT_CARD,2019.06,,
DEBIT,03/03/2017,"ARAMARK ZOES BOOKSIDE B BELLINGHAM WA        03/01",-6.14,DEBIT_CARD,2022.32,,
DEBIT,03/02/2017,"350.ORG 646-801-0759 NY                      03/01",-10.00,DEBIT_CARD,2028.46,,
DEBIT,03/02/2017,"WENDYS-SWL #4023 (9659) BELLINGHAM WA        03/02",-8.36,DEBIT_CARD,2038.46,,
DEBIT,03/02/2017,"WWU EMARKETS 360-650-3720 WA                 03/01",-10.00,DEBIT_CARD,2046.82,,
DEBIT,03/01/2017,"Online Transfer to  SAV ...9660 transaction#: 5975293246",-50.00,ACCT_XFER,2056.82,,
DEBIT,03/01/2017,"ARAMARK ROCKS EDGE CAFE BELLINGHAM WA        02/27",-3.58,DEBIT_CARD,2106.82,,
DEBIT,03/01/2017,"ARAMARK STARBUCKS BELLINGHAM WA              02/27",-5.49,DEBIT_CARD,2110.40,,
DEBIT,03/01/2017,"ARAMARK TOPIOS BELLINGHAM WA                 02/27",-8.24,DEBIT_CARD,2115.89,,
DEBIT,03/01/2017,"ARAMARK MILLER MARKET P BELLINGHAM WA        02/27",-1.63,DEBIT_CARD,2124.13,,
DEBIT,02/28/2017,"UBER   *US FEB27 5HDT 800-592-8996 CA        02/28",-8.26,DEBIT_CARD,2125.76,,
CREDIT,02/28/2017,"PAYPAL           TRANSFER                   PPD ID: PAYPALSD11",36.00,ACH_CREDIT,2134.02,,
DEBIT,02/27/2017,"76 - STARVIN SAMS 14 BELLINGHAM WA           02/26",-41.53,DEBIT_CARD,2098.02,,
DEBIT,02/27/2017,"BETH'S CAFE/ DUCK ISLAN SEATTLE WA           02/26",-16.20,DEBIT_CARD,2139.55,,
DEBIT,02/27/2017,"SQ *ERIN VANCE Seattle WA                    02/26",-10.25,DEBIT_CARD,2155.75,,
DEBIT,02/27/2017,"ARASHI RAMEN BALLARD SEATTLE WA              02/26",-19.54,DEBIT_CARD,2166.00,,
DEBIT,02/27/2017,"COMMUNITY FOOD CO-OP - BELLINGHAM WA 005388  02/25",-8.94,DEBIT_CARD,2185.54,,
DEBIT,02/27/2017,"WALGREENS STORE 125 S BELLINGHAM WA  415609  02/25",-5.50,DEBIT_CARD,2194.48,,
DEBIT,02/27/2017,"ARAMARK ZOES BOOKSIDE B BELLINGHAM WA        02/24",-6.14,DEBIT_CARD,2199.98,,
DEBIT,02/27/2017,"ARAMARK ZOES BOOKSIDE B BELLINGHAM WA        02/23",-3.68,DEBIT_CARD,2206.12,,
DEBIT,02/27/2017,"BOOMERS DRIVE IN BELLINGHAM WA               02/23",-6.05,DEBIT_CARD,2209.80,,
DEBIT,02/24/2017,"ARAMARK ZOES BOOKSIDE B BELLINGHAM WA        02/22",-5.82,DEBIT_CARD,2215.85,,
CREDIT,02/23/2017,"KEY CR. TRANSFER ONLINE-BK  017053538418362 WEB ID: 9000000008",1136.67,ACH_CREDIT,2221.67,,
DEBIT,02/22/2017,"WWU AS BOOKSTORE BELLINGHAM WA               02/21",-1.88,DEBIT_CARD,1085.00,,
CREDIT,02/22/2017,"ROBINHOOD (CRFN) ACH                        PPD ID: 1000101344",252.65,ACH_CREDIT,1086.88,,
DEBIT,02/21/2017,"PAYPAL           INST XFER  XSOLLA          WEB ID: PAYPALSI77",-4.99,ACH_DEBIT,834.23,,
DEBIT,02/21/2017,"PAYPAL           INST XFER  KIGOSAI         WEB ID: PAYPALSI77",-14.83,ACH_DEBIT,839.22,,
DEBIT,02/21/2017,"PAYPAL           INST XFER  HAYLEYGG689     WEB ID: PAYPALSI77",-108.00,ACH_DEBIT,854.05,,
DEBIT,02/21/2017,"ATM WITHDRAWAL                       006736  02/201336 CORN",-40.00,ATM,962.05,,
DEBIT,02/21/2017,"FRED MEYE FRED MEYER 0 BELLINGHAM WA         02/20",-70.40,DEBIT_CARD,1002.05,,
DEBIT,02/21/2017,"VENMO 855-812-4430 NY                        02/20",-34.00,DEBIT_CARD,1072.45,,
DEBIT,02/21/2017,"COMMUNITY FOOD CO-OP - BELLINGHAM WA 438403  02/19",-9.03,DEBIT_CARD,1106.45,,
DEBIT,02/21/2017,"REGAL BARKLEY VILLAGE S BELLINGHAM WA        02/19",-16.71,DEBIT_CARD,1115.48,,
DEBIT,02/21/2017,"ASLAN BREWING CO BELLINGHAM WA               02/17",-32.24,DEBIT_CARD,1132.19,,
DEBIT,02/21/2017,"WWU EMARKETS 360-650-3720 WA                 02/17",-120.00,DEBIT_CARD,1164.43,,
DEBIT,02/21/2017,"ARAMARK ZOES BOOKSIDE B BELLINGHAM WA        02/17",-9.29,DEBIT_CARD,1284.43,,
DEBIT,02/17/2017,"FIAMMA BURGER BELLINGHAM WA                  02/16",-7.22,DEBIT_CARD,1293.72,,
DEBIT,02/17/2017,"ARAMARK TONYS AT MILLER BELLINGHAM WA        02/15",-8.20,DEBIT_CARD,1300.94,,
DEBIT,02/17/2017,"ARAMARK ZOES BOOKSIDE B BELLINGHAM WA        02/15",-10.37,DEBIT_CARD,1309.14,,
DEBIT,02/16/2017,"FRED MEYE FRED MEYER 0 BELLINGHAM WA         02/15",-75.83,DEBIT_CARD,1319.51,,
DEBIT,02/15/2017,"USCONNECT ADVANTAGE VEN FERNDALE WA          02/15",-2.00,DEBIT_CARD,1395.34,,
DEBIT,02/15/2017,"ARAMARK MILLER MARKET P BELLINGHAM WA        02/13",-6.29,DEBIT_CARD,1397.34,,
DEBIT,02/15/2017,"ARAMARK MILLER MARKET P BELLINGHAM WA        02/13",-1.29,DEBIT_CARD,1403.63,,
DEBIT,02/15/2017,"ARAMARK TONYS AT MILLER BELLINGHAM WA        02/13",-6.03,DEBIT_CARD,1404.92,,
CREDIT,02/15/2017,"IRS  TREAS 310     TAX REF                  PPD ID: 9111736946",733.00,ACH_CREDIT,1410.95,,
DEBIT,02/13/2017,"SQ *REDLIGHT BELLINGHAM Bellingham WA        02/12",-8.00,DEBIT_CARD,677.95,,
DEBIT,02/13/2017,"BOOMERS DRIVE IN BELLINGHAM WA               02/11",-9.94,DEBIT_CARD,685.95,,
DEBIT,02/13/2017,"ARAMARK MILLER MARKET P BELLINGHAM WA        02/10",-5.09,DEBIT_CARD,695.89,,
DEBIT,02/13/2017,"ARAMARK TONYS AT MILLER BELLINGHAM WA        02/10",-4.62,DEBIT_CARD,700.98,,
DEBIT,02/10/2017,"PAYPAL           INST XFER  XSOLLA          WEB ID: PAYPALSI77",-4.99,ACH_DEBIT,705.60,,
DEBIT,02/10/2017,"USCONNECT ADVANTAGE VEN FERNDALE WA          02/10",-1.25,DEBIT_CARD,710.59,,
DEBIT,02/09/2017,"ARAMARK ZOES BOOKSIDE B BELLINGHAM WA        02/07",-6.35,DEBIT_CARD,711.84,,
DEBIT,02/08/2017,"76 - STARVIN SAMS 14 BELLINGHAM WA           02/07",-40.81,DEBIT_CARD,718.19,,
DEBIT,02/08/2017,"WWU LIBRARY BELLINGHAM WA                    02/04",-34.00,DEBIT_CARD,759.00,,
DEBIT,02/07/2017,"RITE AID STORE - 5238 BELLINGHAM WA  423308  02/07",-4.65,DEBIT_CARD,793.00,,
DEBIT,02/07/2017,"HAGGEN FOOD #43 BELLINGHAM WA        703661  02/07",-10.48,DEBIT_CARD,797.65,,
DEBIT,02/07/2017,"PIZZA TIME BELLINGHAM WA                     02/05",-12.36,DEBIT_CARD,808.13,,
DEBIT,02/07/2017,"ARAMARK ZOES BOOKSIDE B BELLINGHAM WA        02/05",-6.69,DEBIT_CARD,820.49,,
DEBIT,02/06/2017,"AmazonPrime Membersh amzn.com/prme WA        02/03",-53.26,DEBIT_CARD,827.18,,
DEBIT,02/06/2017,"TRANSFER TO SAV XXXXX9660 02/06",-25.00,ACCT_XFER,880.44,,
DEBIT,02/06/2017,"ARAMARK ZOES BOOKSIDE B BELLINGHAM WA        02/04",-6.14,DEBIT_CARD,905.44,,
DEBIT,02/06/2017,"TACO TIME SAMISH BELLINGHAM WA               02/04",-10.08,DEBIT_CARD,911.58,,
DEBIT,02/06/2017,"ARAMARK ATRIUM POD BELLINGHAM WA             02/03",-3.26,DEBIT_CARD,921.66,,
DEBIT,02/06/2017,"ARAMARK ATRIUM POD BELLINGHAM WA             02/03",-5.52,DEBIT_CARD,924.92,,
DEBIT,02/06/2017,"BOOMERS DRIVE IN BELLINGHAM WA               02/02",-3.75,DEBIT_CARD,930.44,,
DEBIT,02/03/2017,"PAYPAL           INST XFER  NEKOKIN         WEB ID: PAYPALSI77",-15.00,ACH_DEBIT,934.19,,
DEBIT,02/03/2017,"USCONNECT ADVANTAGE VEN FERNDALE WA          02/03",-1.25,DEBIT_CARD,949.19,,
DEBIT,02/03/2017,"USCONNECT ADVANTAGE VEN FERNDALE WA          02/03",-2.00,DEBIT_CARD,950.44,,
DEBIT,02/03/2017,"ARAMARK ZOES BOOKSIDE B BELLINGHAM WA        02/01",-6.69,DEBIT_CARD,952.44,,
CREDIT,02/03/2017,"KEY CR. TRANSFER ONLINE-BK  017032743187705 WEB ID: 9000000008",155.00,ACH_CREDIT,959.13,,
DEBIT,02/02/2017,"FRED MEYE FRED MEYER 0 BELLINGHAM WA         02/02",-32.37,DEBIT_CARD,804.13,,
DEBIT,02/02/2017,"350.ORG 646-801-0759 NY                      02/01",-10.00,DEBIT_CARD,836.50,,
DSLIP,02/02/2017,"DEPOSIT  ID NUMBER 323893",50.00,DEPOSIT,846.50,,
DEBIT,02/01/2017,"Online Transfer to  SAV ...9660 transaction#: 5901902675",-50.00,ACCT_XFER,796.50,,
DEBIT,01/31/2017,"WWU AS BOOKSTORE BELLINGHAM WA               01/30",-8.94,DEBIT_CARD,846.50,,
DEBIT,01/30/2017,"ARAMARK ZOES BOOKSIDE B BELLINGHAM WA        01/27",-4.98,DEBIT_CARD,855.44,,
DEBIT,01/30/2017,"ARAMARK ZOES BOOKSIDE B BELLINGHAM WA        01/26",-6.69,DEBIT_CARD,860.42,,
DEBIT,01/30/2017,"ARAMARK TOPIOS BELLINGHAM WA                 01/26",-4.12,DEBIT_CARD,867.11,,
DEBIT,01/27/2017,"PAYPAL           INST XFER  HAYLEYGG689     WEB ID: PAYPALSI77",-625.00,ACH_DEBIT,871.23,,
DEBIT,01/27/2017,"FRED MEYE FRED MEYER 0 BELLINGHAM WA         01/26",-97.79,DEBIT_CARD,1496.23,,
DEBIT,01/27/2017,"WWU PRINT AND COPY SERV BELLINGHAM WA        01/26",-4.00,DEBIT_CARD,1594.02,,
DEBIT,01/27/2017,"USCONNECT ADVANTAGE VEN FERNDALE WA          01/27",-2.00,DEBIT_CARD,1598.02,,
DEBIT,01/27/2017,"ARAMARK ATRIUM SUBWAY BELLINGHAM WA          01/25",-7.05,DEBIT_CARD,1600.02,,
DEBIT,01/27/2017,"ARAMARK ZOES BOOKSIDE B BELLINGHAM WA        01/25",-8.73,DEBIT_CARD,1607.07,,
CREDIT,01/26/2017,"ROBINHOOD (CRFN) ACH                        PPD ID: 1000101344",13.85,ACH_CREDIT,1615.80,,
CHECK,01/25/2017,"CHECK 143986374  ",-30.00,CHECK_PAID,1601.95,143986374,
DEBIT,01/25/2017,"ARAMARK MILLER MARKET P BELLINGHAM WA        01/23",-5.44,DEBIT_CARD,1631.95,,
DEBIT,01/25/2017,"ARAMARK ZOES BOOKSIDE B BELLINGHAM WA        01/23",-7.33,DEBIT_CARD,1637.39,,
CREDIT,01/25/2017,"RAISER,LLC       EDI PAYMNT 0177243505      CCD ID: 1800896455",10.42,ACH_CREDIT,1644.72,,
DEBIT,01/24/2017,"DICK'S DRIVE-IN WALLING SEATTLE WA           01/23",-9.64,DEBIT_CARD,1634.30,,
CREDIT,01/24/2017,"KEY CR. TRANSFER ONLINE-BK  017023377761582 WEB ID: 9000000008",1136.67,ACH_CREDIT,1643.94,,
DEBIT,01/23/2017,"SQ *MAN PIES Bellingham WA                   01/21",-21.82,DEBIT_CARD,507.27,,
DEBIT,01/23/2017,"ARAMARK ZOES BOOKSIDE B BELLINGHAM WA        01/20",-3.64,DEBIT_CARD,529.09,,
CREDIT,01/18/2017,"RAISER,LLC       EDI PAYMNT 0172908405      CCD ID: 1800896455",3.83,ACH_CREDIT,532.73,,
CREDIT,01/18/2017,"Lyft.com         TRANSFER   Lyft 01-17 Wkly CCD ID: WFMSTRIPE1",31.02,ACH_CREDIT,528.90,,
DEBIT,01/17/2017,"HAGGEN FOOD #43 BELLINGHAM WA        765994  01/17",-93.42,DEBIT_CARD,497.88,,
DEBIT,01/17/2017,"CHEVRON/SALMON SERVICE SEATTLE WA    087731  01/14",-41.67,DEBIT_CARD,591.30,,
DEBIT,01/17/2017,"THE MOUNT BAKERY BELLINGHAM WA               01/14",-42.15,DEBIT_CARD,632.97,,
DEBIT,01/17/2017,"ARAMARK ATRIUM POD BELLINGHAM WA             01/13",-7.92,DEBIT_CARD,675.12,,
DEBIT,01/17/2017,"ARAMARK UNDERGROUND COF BELLINGHAM WA        01/10",-2.71,DEBIT_CARD,683.04,,
DEBIT,01/13/2017,"ARAMARK ZOES BOOKSIDE B BELLINGHAM WA        01/11",-7.65,DEBIT_CARD,685.75,,
DEBIT,01/13/2017,"ARAMARK ZOES BOOKSIDE B BELLINGHAM WA        01/11",-7.44,DEBIT_CARD,693.40,,
DEBIT,01/13/2017,"GAMEWORKS SEATTLE SEATTLE WA                 12/30",-18.47,DEBIT_CARD,700.84,,
DEBIT,01/11/2017,"ARAMARK ATRIUM POD BELLINGHAM WA             01/09",-6.51,DEBIT_CARD,719.31,,
CREDIT,01/11/2017,"RAISER,LLC       EDI PAYMNT 0167874523      CCD ID: 1800896455",16.84,ACH_CREDIT,725.82,,
DEBIT,01/10/2017,"PAYPAL           INST XFER  XSOLLA          WEB ID: PAYPALSI77",-4.99,ACH_DEBIT,708.98,,
DEBIT,01/09/2017,"BOOMERS DRIVE IN BELLINGHAM WA               01/07",-9.94,DEBIT_CARD,713.97,,
DEBIT,01/09/2017,"ARAMARK MILLER MARKET P BELLINGHAM WA        01/06",-4.35,DEBIT_CARD,723.91,,
DEBIT,01/06/2017,"TRANSFER TO SAV XXXXX9660 01/06",-25.00,ACCT_XFER,728.26,,
DEBIT,01/06/2017,"ARAMARK MILLER MARKET P BELLINGHAM WA        01/04",-1.29,DEBIT_CARD,753.26,,
DEBIT,01/06/2017,"ARAMARK ATRIUM POD BELLINGHAM WA             01/04",-8.24,DEBIT_CARD,754.55,,
DEBIT,01/05/2017,"PAYPAL           INST XFER  SLHOMEWORK      WEB ID: PAYPALSI77",-22.50,ACH_DEBIT,762.79,,
DEBIT,01/05/2017,"PAYPAL           INST XFER  HAYLEYGG689     WEB ID: PAYPALSI77",-41.49,ACH_DEBIT,785.29,,
DEBIT,01/04/2017,"FRED MEYE FRED MEYER 0 BELLINGHAM WA         01/04",-64.05,DEBIT_CARD,826.78,,
CREDIT,01/04/2017,"Lyft.com         TRANSFER   Lyft 01-03 Wkly CCD ID: WFMSTRIPE1",3.00,ACH_CREDIT,890.83,,
DEBIT,01/03/2017,"PAYPAL           INST XFER  STEAM GAMES     WEB ID: PAYPALSI77",-11.72,ACH_DEBIT,887.83,,
DEBIT,01/03/2017,"WHOLEFDS BLW#106 1030 BELLINGHAM WA  363942  01/03",-17.33,DEBIT_CARD,899.55,,
DEBIT,01/03/2017,"NBG LLC NORTH BEND WA                746859  01/02",-6.33,DEBIT_CARD,916.88,,
DEBIT,01/03/2017,"FB *Robert Berman pay.fb.com CA              01/02",-12.00,DEBIT_CARD,923.21,,
DEBIT,01/03/2017,"RAZZAL'S AT SMOKEY P ARLINGTON WA            12/31",-30.11,DEBIT_CARD,935.21,,
DEBIT,01/03/2017,"STARBUCKS STORE 20088 SEATTLE WA             12/31",-12.33,DEBIT_CARD,965.32,,
DEBIT,01/03/2017,"IMPARK00250145A SEATTLE WA                   12/31",-21.00,DEBIT_CARD,977.65,,
DEBIT,01/03/2017,"TROPHY CUPCAKES SEATTLE WA                   12/31",-10.30,DEBIT_CARD,998.65,,
DEBIT,01/03/2017,"LYFT   *RIDE SAT 10AM LYFT.COM CA            12/31",-8.14,DEBIT_CARD,1008.95,,
DEBIT,01/03/2017,"GAMEWORKS SEATTLE WA                         12/30",-22.00,DEBIT_CARD,1017.09,,
DEBIT,01/03/2017,"JOHNNY ROCKETS 239 SEATTLE WA                12/30",-10.44,DEBIT_CARD,1039.09,,
DEBIT,01/03/2017,"SHELL Service Station SEATTLE WA     079557  12/30",-12.25,DEBIT_CARD,1049.53,,
DEBIT,01/03/2017,"CHEVRON 0211635 BELLINGHAM WA                12/30",-15.71,DEBIT_CARD,1061.78,,
DEBIT,01/03/2017,"GREEN FROG BELLINGHAM WA                     12/29",-11.50,DEBIT_CARD,1077.49,,
DEBIT,01/03/2017,"Lyft 01-01 Exp Visa Direct CA        002297  01/01",380.78,DEBIT_CARD,1088.99,,
DEBIT,12/30/2016,"Online Transfer to  SAV ...9660 transaction#: 5834453776",-50.00,ACCT_XFER,708.21,,
DEBIT,12/29/2016,"FRED MEYE FRED MEYER 0 BELLINGHAM WA         12/29",-6.86,DEBIT_CARD,758.21,,
DEBIT,12/29/2016,"UNICORN/NARWHAL SEATTLE WA                   12/27",-25.13,DEBIT_CARD,765.07,,
DEBIT,12/29/2016,"DICK'S DRIVE-IN BROADWA SEATTLE WA           12/27",-3.40,DEBIT_CARD,790.20,,
DEBIT,12/28/2016,"PAYPAL           INST XFER  HAYLEYGG689     WEB ID: PAYPALSI77",-625.00,ACH_DEBIT,793.60,,
DEBIT,12/28/2016,"CHEVRON 0207721 SEATTLE WA                   12/28",-39.81,DEBIT_CARD,1418.60,,
CREDIT,12/28/2016,"RAISER,LLC       EDI PAYMNT 0159396365      CCD ID: 1800896455",95.50,ACH_CREDIT,1458.41,,
DEBIT,12/27/2016,"PAYPAL           INST XFER  REDDIT GOLD     WEB ID: PAYPALSI77",-3.99,ACH_DEBIT,1362.91,,
DEBIT,12/27/2016,"PAYPAL           INST XFER  REDDIT GOLD     WEB ID: PAYPALSI77",-3.99,ACH_DEBIT,1366.90,,
DEBIT,12/27/2016,"OREILLY AUTO PARTS 252 SEATTLE WA            12/27",-8.22,DEBIT_CARD,1370.89,,
DEBIT,12/27/2016,"OREILLY AUTO PARTS 252 SEATTLE WA            12/27",-13.69,DEBIT_CARD,1379.11,,
DEBIT,12/27/2016,"EAGLE HARBOR BOOKS BAINBRIDGE IS WA          12/24",-23.90,DEBIT_CARD,1392.80,,
DEBIT,12/27/2016,"SUBWAY        01466374 SEATTLE WA            12/24",-8.93,DEBIT_CARD,1416.70,,
DEBIT,12/27/2016,"SQ *THE HANDMADE SHOWRO Seattle WA           12/23",-23.02,DEBIT_CARD,1425.63,,
DEBIT,12/27/2016,"SQ *THE HANDMADE KITCHE Seattle WA           12/23",-36.17,DEBIT_CARD,1448.65,,
DEBIT,12/27/2016,"STARBUCKS STORE 24666 SEATTLE WA             12/23",-35.00,DEBIT_CARD,1484.82,,
DEBIT,12/27/2016,"IMPARK00250058U SEATTLE WA                   12/24",-7.35,DEBIT_CARD,1519.82,,
DEBIT,12/27/2016,"KFC E080081 SAMMAMISH WA                     12/23",-7.11,DEBIT_CARD,1527.17,,
DEBIT,12/27/2016,"CHEVRON 0204893 SAMMAMISH WA                 12/23",-39.29,DEBIT_CARD,1534.28,,
DEBIT,12/27/2016,"FEDEXOFFICE   00051219 BELLINGHAM WA         12/23",-10.85,DEBIT_CARD,1573.57,,
DEBIT,12/27/2016,"BELLINGHAM FRAMEWORKS BELLINGHAM WA          12/23",-25.98,DEBIT_CARD,1584.42,,
DEBIT,12/27/2016,"APL* ITUNES.COM/BILL 866-712-7753 CA         12/23",-16.29,DEBIT_CARD,1610.40,,
DSLIP,12/27/2016,"REMOTE ONLINE DEPOSIT #          1",75.00,CHECK_DEPOSIT,1626.69,1,
DEBIT,12/27/2016,"Lyft 12-27 Exp Visa Direct CA        841817  12/26",21.16,DEBIT_CARD,1551.69,,
DEBIT,12/27/2016,"Lyft 12-27 Exp Visa Direct CA        841819  12/26",50.11,DEBIT_CARD,1530.53,,
DEBIT,12/27/2016,"Lyft 12-25 Exp Visa Direct CA        802179  12/25",51.79,DEBIT_CARD,1480.42,,
DEBIT,12/27/2016,"Lyft 12-26 Exp Visa Direct CA        819693  12/25",52.30,DEBIT_CARD,1428.63,,
DEBIT,12/27/2016,"Lyft 12-27 Exp Visa Direct CA        854448  12/27",72.64,DEBIT_CARD,1376.33,,
DEBIT,12/23/2016,"PAPYRUS #2158 600 PINE SEATTLE WA    521431  12/23",-16.43,DEBIT_CARD,1303.69,,
DEBIT,12/23/2016,"PACIFIC PLACE SEATTLE WA             006726  12/23",-21.91,DEBIT_CARD,1320.12,,
CREDIT,12/23/2016,"KEY CR. TRANSFER ONLINE-BK  016357243669156 WEB ID: 9000000008",1136.67,ACH_CREDIT,1342.03,,
DEBIT,12/21/2016,"FRED MEYE FRED MEYER 0 BELLINGHAM WA         12/21",-24.45,DEBIT_CARD,205.36,,
DEBIT,12/21/2016,"BELLINGHAM GROC BELLINGHAM WA                12/21",-37.92,DEBIT_CARD,229.81,,
DEBIT,12/21/2016,"DICK'S DRIVE-IN WALLING SEATTLE WA           12/19",-5.37,DEBIT_CARD,267.73,,
CREDIT,12/21/2016,"RAISER,LLC       EDI PAYMNT 0155338757      CCD ID: 1800896455",78.90,ACH_CREDIT,273.10,,
DEBIT,12/20/2016,"CHEVRON 0373890 BAINBRIDGE IS WA             12/19",-36.45,DEBIT_CARD,194.20,,
DEBIT,12/20/2016,"BLUE C SUSHI SEATTLE WA                      12/18",-22.73,DEBIT_CARD,230.65,,
DEBIT,12/19/2016,"PAYPAL           INST XFER  ALISSACLEO      WEB ID: PAYPALSI77",-20.00,ACH_DEBIT,253.38,,
DEBIT,12/19/2016,"USA*SODEXO SEATTLE WA                        12/19",-1.75,DEBIT_CARD,273.38,,
DEBIT,12/19/2016,"THE ESSENTIAL BAKING CO SEATTLE WA           12/18",-8.95,DEBIT_CARD,275.13,,
DEBIT,12/19/2016,"RITE AID STORE - 521 BAINBRIDGE IS WA        12/17",-44.31,DEBIT_CARD,284.08,,
DEBIT,12/19/2016,"UW COMMUTER SVCS PAY ST SEATTLE WA           12/16",-12.75,DEBIT_CARD,328.39,,
DEBIT,12/19/2016,"MCKAYS TAPHOUSE BELLINGHAM WA                12/16",-11.50,DEBIT_CARD,341.14,,
DEBIT,12/16/2016,"ATM WITHDRAWAL                       007750  12/161336 CORN",-40.00,ATM,352.64,,
DEBIT,12/16/2016,"CASA QUE PASA BELLINGHAM WA                  12/14",-9.68,DEBIT_CARD,392.64,,
DEBIT,12/15/2016,"PAYPAL           INST XFER  KIGOSAI         WEB ID: PAYPALSI77",-6.00,ACH_DEBIT,402.32,,
DEBIT,12/15/2016,"COMMUNITY FOOD CO-OP - BELLINGHAM WA 828850  12/15",-3.87,DEBIT_CARD,408.32,,
CREDIT,12/15/2016,"PAYPAL           TRANSFER                   PPD ID: PAYPALSD11",30.00,ACH_CREDIT,412.19,,
DEBIT,12/14/2016,"FIRESTONE 655643 BELLINGHAM WA               12/13",-10.86,DEBIT_CARD,382.19,,
DEBIT,12/14/2016,"VENMO 855-812-4430 NY                        12/13",-60.00,DEBIT_CARD,393.05,,
CREDIT,12/14/2016,"PAYPAL           TRANSFER                   PPD ID: PAYPALSD11",36.00,ACH_CREDIT,453.05,,
DEBIT,12/13/2016,"APL* ITUNES.COM/BILL 866-712-7753 CA         12/13",-5.42,DEBIT_CARD,417.05,,
DEBIT,12/13/2016,"WWU EMARKETS 360-650-3720 WA                 12/12",-85.00,DEBIT_CARD,422.47,,
DEBIT,12/12/2016,"PAYPAL           INST XFER  KIGOSAI         WEB ID: PAYPALSI77",-3.90,ACH_DEBIT,507.47,,
DEBIT,12/12/2016,"PAYPAL           INST XFER  XSOLLA          WEB ID: PAYPALSI77",-4.99,ACH_DEBIT,511.37,,
DEBIT,12/12/2016,"FRED MEYE FRED MEYER 0 BELLINGHAM WA         12/11",-12.70,DEBIT_CARD,516.36,,
DEBIT,12/12/2016,"BELLINGHAM GROC BELLINGHAM WA                12/10",-49.68,DEBIT_CARD,529.06,,
DEBIT,12/12/2016,"SHELL Service Station BELLINGHAM WA  005802  12/10",-40.99,DEBIT_CARD,578.74,,
DEBIT,12/12/2016,"SHELL Service Station BELLINGHAM WA  295141  12/10",-2.99,DEBIT_CARD,619.73,,
DEBIT,12/12/2016,"TERIYAKI BAR BELLINGHAM WA                   12/09",-11.45,DEBIT_CARD,622.72,,
DEBIT,12/12/2016,"MT BAKER SKI AREA INC BELLINGHAM WA          12/08",-143.07,DEBIT_CARD,634.17,,
DEBIT,12/12/2016,"MT BAKER SKI AREA INC BELLINGHAM WA          12/08",-55.08,DEBIT_CARD,777.24,,
CREDIT,12/12/2016,"Online Transfer from SAV ...9660 transaction#: 5862240035",70.00,ACCT_XFER,832.32,,
CREDIT,12/12/2016,"Online Transfer from SAV ...9660 transaction#: 5859125273",300.00,ACCT_XFER,762.32,,
DEBIT,12/09/2016,"PAYPAL           INST XFER  DFTBARECORD     WEB ID: PAYPALSI77",-35.00,ACH_DEBIT,462.32,,
DEBIT,12/09/2016,"MT BAKER SKI FOOD SERV BELLINGHAM WA         12/08",-4.00,DEBIT_CARD,497.32,,
DEBIT,12/09/2016,"RUDY'S PIZZERIA BELLINGHAM WA                12/08",-5.17,DEBIT_CARD,501.32,,
DEBIT,12/08/2016,"SQ *EL CAPITAN'S Bellingham WA               12/08",-7.75,DEBIT_CARD,506.49,,
DEBIT,12/08/2016,"SQ *REDLIGHT BELLINGHAM Bellingham WA        12/08",-9.00,DEBIT_CARD,514.24,,
DEBIT,12/08/2016,"UBER   *US DEC07 SR2Q 866-576-1039 CA        12/08",-9.69,DEBIT_CARD,523.24,,
DEBIT,12/07/2016,"FRED MEYE FRED MEYER 0 BELLINGHAM WA         12/07",-49.97,DEBIT_CARD,532.93,,
DEBIT,12/07/2016,"USCONNECT ADVANTAGE VEN FERNDALE WA          12/07",-1.75,DEBIT_CARD,582.90,,
DEBIT,12/07/2016,"ARAMARK ZOES BOOKSIDE B BELLINGHAM WA        12/05",-7.58,DEBIT_CARD,584.65,,
DEBIT,12/06/2016,"TRANSFER TO SAV XXXXX9660 12/06",-25.00,ACCT_XFER,592.23,,
DEBIT,12/06/2016,"WENDYS-SWL #4023 (9659) BELLINGHAM WA        12/05",-8.24,DEBIT_CARD,617.23,,
DEBIT,12/05/2016,"PAYPAL           INST XFER  HAYLEYGG689     WEB ID: PAYPALSI77",-620.00,ACH_DEBIT,625.47,,
DEBIT,12/05/2016,"ARAMARK ZOES BOOKSIDE B BELLINGHAM WA        12/03",-11.86,DEBIT_CARD,1245.47,,
DEBIT,12/05/2016,"ARAMARK TOPIOS BELLINGHAM WA                 11/30",-7.59,DEBIT_CARD,1257.33,,
DEBIT,12/02/2016,"FRED MEYE FRED MEYER 0 BELLINGHAM WA         12/02",-15.17,DEBIT_CARD,1264.92,,
DEBIT,12/02/2016,"SQ *REDLIGHT BELLINGHAM Bellingham WA        12/02",-10.35,DEBIT_CARD,1280.09,,
DEBIT,12/02/2016,"FIRESTONE 655643 BELLINGHAM WA               12/01",-10.86,DEBIT_CARD,1290.44,,
DEBIT,12/02/2016,"BELLINGHAM MUSIC BELLINGHAM WA               12/01",-24.99,DEBIT_CARD,1301.30,,
DEBIT,12/01/2016,"Online Transfer to  SAV ...9660 transaction#: 5767449319",-50.00,ACCT_XFER,1326.29,,
DEBIT,12/01/2016,"UBER   *US NOV30 UJZ7 866-576-1039 CA        12/01",-8.92,DEBIT_CARD,1376.29,,
DEBIT,11/29/2016,"PAYPAL           INST XFER  NEKOKIN         WEB ID: PAYPALSI77",-16.00,ACH_DEBIT,1385.21,,
DEBIT,11/29/2016,"PAYPAL           INST XFER  NEKOKIN         WEB ID: PAYPALSI77",-21.00,ACH_DEBIT,1401.21,,
DEBIT,11/29/2016,"HAGGEN FOOD #43 BELLINGHAM WA        796352  11/28",-13.02,DEBIT_CARD,1422.21,,
DEBIT,11/29/2016,"UBER   *US NOV28 KRQL 866-576-1039 CA        11/29",-7.21,DEBIT_CARD,1435.23,,
DEBIT,11/29/2016,"USCONNECT ADVANTAGE VEN FERNDALE WA          11/29",-1.75,DEBIT_CARD,1442.44,,
CREDIT,11/29/2016,"KEY CR. TRANSFER ONLINE BK  000000013115637 WEB ID: 9000000008",300.18,ACH_CREDIT,1444.19,,
DEBIT,11/28/2016,"NON-CHASE ATM FEE-WITH",-2.50,FEE_TRANSACTION,1144.01,,
DEBIT,11/28/2016,"NON-CHASE ATM WITHDRAW               160229  11/28516 HIGH",-25.00,ATM,1146.51,,
DEBIT,11/28/2016,"USCONNECT ADVANTAGE VEN FERNDALE WA          11/28",-1.75,DEBIT_CARD,1171.51,,
DEBIT,11/28/2016,"USCONNECT ADVANTAGE VEN FERNDALE WA          11/28",-1.75,DEBIT_CARD,1173.26,,
DEBIT,11/28/2016,"USCONNECT ADVANTAGE VEN FERNDALE WA          11/28",-1.25,DEBIT_CARD,1175.01,,
DEBIT,11/28/2016,"USCONNECT ADVANTAGE VEN FERNDALE WA          11/28",-1.25,DEBIT_CARD,1176.26,,
DEBIT,11/28/2016,"FRED MEYE FRED MEYER 0 BELLINGHAM WA         11/26",-58.98,DEBIT_CARD,1177.51,,
DEBIT,11/25/2016,"ROBINHOOD (CRFN) ACH        2016112231567   WEB ID: 1000101344",-200.00,ACH_DEBIT,1236.49,,
DEBIT,11/25/2016,"STARBUCKS STORE 00332 EVERETT WA             11/24",-7.64,DEBIT_CARD,1436.49,,
DEBIT,11/25/2016,"CHEVRON 0211635 BELLINGHAM WA                11/24",-33.97,DEBIT_CARD,1444.13,,
DEBIT,11/25/2016,"SQ *LAKEWAY CHEVRON & D Bellingham WA        11/24",-4.78,DEBIT_CARD,1478.10,,
DEBIT,11/25/2016,"WA DRIVER LICENSE REN 360-902-7470 WA        11/24",-13.00,DEBIT_CARD,1482.88,,
DEBIT,11/25/2016,"ARAMARK TOPIOS BELLINGHAM WA                 11/22",-8.46,DEBIT_CARD,1495.88,,
DEBIT,11/23/2016,"USCONNECT ADVANTAGE VEN FERNDALE WA          11/23",-1.25,DEBIT_CARD,1504.34,,
DEBIT,11/23/2016,"USCONNECT ADVANTAGE VEN FERNDALE WA          11/23",-1.75,DEBIT_CARD,1505.59,,
CREDIT,11/22/2016,"KEY CR. TRANSFER ONLINE BK  000000013103946 WEB ID: 9000000008",1136.67,ACH_CREDIT,1507.34,,
DEBIT,11/21/2016,"APL* ITUNES.COM/BILL 866-712-7753 CA         11/20",-16.29,DEBIT_CARD,370.67,,
DEBIT,11/21/2016,"BOOMERS DRIVE IN BELLINGHAM WA               11/19",-12.99,DEBIT_CARD,386.96,,
DEBIT,11/21/2016,"STATE STREET BAR BELLINGHAM WA               11/19",-8.50,DEBIT_CARD,399.95,,
DEBIT,11/21/2016,"STATE STREET BAR BELLINGHAM WA               11/19",-9.75,DEBIT_CARD,408.45,,
DEBIT,11/21/2016,"USCONNECT ADVANTAGE VEN FERNDALE WA          11/19",-1.75,DEBIT_CARD,418.20,,
DEBIT,11/18/2016,"FAT PIE BELLINGHAM WA                        11/16",-8.89,DEBIT_CARD,419.95,,
DEBIT,11/17/2016,"RITE AID STORE - 5238 BELLINGHAM WA  282127  11/17",-4.89,DEBIT_CARD,428.84,,
DEBIT,11/17/2016,"RITE AID STORE - 5238 BELLINGHAM WA  184700  11/17",-17.51,DEBIT_CARD,433.73,,
DEBIT,11/17/2016,"WILD BUFFALO BELLINGHAM WA                   11/17",-5.35,DEBIT_CARD,451.24,,
DEBIT,11/17/2016,"SQ *MOUNT BAKERY FAIRHA Bellingham WA        11/16",-5.59,DEBIT_CARD,456.59,,
DEBIT,11/17/2016,"VENMO 855-812-4430 NY                        11/16",-13.50,DEBIT_CARD,462.18,,
DEBIT,11/17/2016,"VENMO 855-812-4430 NY                        11/16",-34.00,DEBIT_CARD,475.68,,
DEBIT,11/17/2016,"CASA QUE PASA BELLINGHAM WA                  11/15",-9.68,DEBIT_CARD,509.68,,
DEBIT,11/17/2016,"ARAMARK STARBUCKS BELLINGHAM WA              11/15",-5.98,DEBIT_CARD,519.36,,
DEBIT,11/17/2016,"ARAMARK ATRIUM POD BELLINGHAM WA             11/15",-1.72,DEBIT_CARD,525.34,,
DEBIT,11/16/2016,"SAN URBAN CRV T1W SAN DIEGO CA               11/15",-28.71,DEBIT_CARD,527.06,,
DEBIT,11/16/2016,"THE SHOUT HOUSE SAN DIEGO CA                 11/12",-16.00,DEBIT_CARD,555.77,,
DEBIT,11/16/2016,"THE SHOUT HOUSE SAN DIEGO CA                 11/12",-16.10,DEBIT_CARD,571.77,,
DEBIT,11/16/2016,"ARAMARK TOPIOS BELLINGHAM WA                 11/10",-7.37,DEBIT_CARD,587.87,,
DEBIT,11/16/2016,"ARAMARK STARBUCKS BELLINGHAM WA              11/10",-6.74,DEBIT_CARD,595.24,,
DEBIT,11/15/2016,"UBER   *US NOV14 HJVV 866-576-1039 CA        11/15",-10.56,DEBIT_CARD,601.98,,
DEBIT,11/15/2016,"SAN DIEGO CONV CTR CONC SAN DIEGO CA         11/14",-8.50,DEBIT_CARD,612.54,,
DEBIT,11/15/2016,"MRS FIELDS COOKIES SAN DIEGO CA              11/14",-7.50,DEBIT_CARD,621.04,,
DEBIT,11/14/2016,"NON-CHASE ATM FEE-WITH",-2.50,FEE_TRANSACTION,628.54,,
DEBIT,11/14/2016,"PAYPAL           INST XFER  5C2229WYERNK2   WEB ID: PAYPALSI77",-36.00,ACH_DEBIT,631.04,,
DEBIT,11/14/2016,"PAYPAL           INST XFER  5C2229WYESJTQ   WEB ID: PAYPALSI77",-36.00,ACH_DEBIT,667.04,,
DEBIT,11/14/2016,"INGRAM PUBL PRINCETON JACKSON TN     790457  11/14",-15.12,DEBIT_CARD,703.04,,
DEBIT,11/14/2016,"UBER   *US NOV13 44YT 866-576-1039 CA        11/14",-5.18,DEBIT_CARD,718.16,,
DEBIT,11/14/2016,"IN-N-OUT BURGER #123 SAN DIEGO CA            11/13",-7.51,DEBIT_CARD,723.34,,
DEBIT,11/14/2016,"UBER   *US NOV13 X6PR 866-576-1039 CA        11/14",-20.15,DEBIT_CARD,730.85,,
DEBIT,11/14/2016,"UBER   *US NOV13 XRJR 866-576-1039 CA        11/14",-17.19,DEBIT_CARD,751.00,,
DEBIT,11/14/2016,"UBER   *US NOV13 52ET 866-576-1039 CA        11/14",-5.00,DEBIT_CARD,768.19,,
DEBIT,11/14/2016,"UBER   *US NOV13 QAVN 866-576-1039 CA        11/14",-5.00,DEBIT_CARD,773.19,,
DEBIT,11/14/2016,"NON-CHASE ATM WITHDRAW               001571  11/131 PARK BL",-123.99,ATM,778.19,,
DEBIT,11/14/2016,"UBER   *US NOV12 5C35 866-576-1039 CA        11/13",-5.75,DEBIT_CARD,902.18,,
DEBIT,11/14/2016,"SAN DIEGO CONV CTR CONC SAN DIEGO CA         11/12",-2.00,DEBIT_CARD,907.93,,
DEBIT,11/14/2016,"UBER   *US NOV12 AFG4 866-576-1039 CA        11/12",-6.04,DEBIT_CARD,909.93,,
DEBIT,11/14/2016,"APL* ITUNES.COM/BILL 866-712-7753 CA         11/12",-5.42,DEBIT_CARD,915.97,,
DEBIT,11/14/2016,"MCKAYS TAPHOUSE BELLINGHAM WA                11/11",-5.75,DEBIT_CARD,921.39,,
DEBIT,11/14/2016,"HAGGEN FOOD #43 BELLINGHAM WA                11/11",-128.14,DEBIT_CARD,927.14,,
DEBIT,11/14/2016,"BOOMERS DRIVE IN BELLINGHAM WA               11/10",-6.71,DEBIT_CARD,1055.28,,
DEBIT,11/14/2016,"REGAL BARKLEY VILLAGE S BELLINGHAM WA        11/10",-3.90,DEBIT_CARD,1061.99,,
DEBIT,11/14/2016,"REGAL BARKLEY VILLAGE S BELLINGHAM WA        11/10",-18.66,DEBIT_CARD,1065.89,,
DEBIT,11/14/2016,"ARAMARK TONYS AT MILLER BELLINGHAM WA        11/08",-3.86,DEBIT_CARD,1084.55,,
DEBIT,11/14/2016,"APL* ITUNES.COM/BILL 866-712-7753 CA         11/11",-1.08,DEBIT_CARD,1088.41,,
DEBIT,11/10/2016,"PIZZA TIME BELLINGHAM WA                     11/08",-14.66,DEBIT_CARD,1089.49,,
DEBIT,11/10/2016,"ARAMARK MILLER MARKET P BELLINGHAM WA        11/08",-4.55,DEBIT_CARD,1104.15,,
DEBIT,11/10/2016,"ARAMARK FAIRHAVEN COMMO BELLINGHAM WA        11/07",-11.67,DEBIT_CARD,1108.70,,
DEBIT,11/09/2016,"COMMUNITY FOOD CO-OP - BELLINGHAM WA 630130  11/09",-11.15,DEBIT_CARD,1120.37,,
DEBIT,11/09/2016,"USCONNECT ADVANTAGE VEN FERNDALE WA          11/09",-1.75,DEBIT_CARD,1131.52,,
DEBIT,11/09/2016,"USCONNECT ADVANTAGE VEN FERNDALE WA          11/09",-1.75,DEBIT_CARD,1133.27,,
DEBIT,11/09/2016,"USCONNECT ADVANTAGE VEN FERNDALE WA          11/09",-1.75,DEBIT_CARD,1135.02,,
DEBIT,11/09/2016,"USCONNECT ADVANTAGE VEN FERNDALE WA          11/09",-1.75,DEBIT_CARD,1136.77,,
DEBIT,11/08/2016,"CASA QUE PASA BELLINGHAM WA                  11/07",-16.21,DEBIT_CARD,1138.52,,
DEBIT,11/08/2016,"ARAMARK ZOES BOOKSIDE B BELLINGHAM WA        11/06",-7.46,DEBIT_CARD,1154.73,,
DEBIT,11/08/2016,"VILLAGE BOOKS BELLINGHAM WA                  11/06",-17.38,DEBIT_CARD,1162.19,,
DEBIT,11/07/2016,"TRANSFER TO SAV XXXXX9660 11/07",-25.00,ACCT_XFER,1179.57,,
DEBIT,11/07/2016,"76 - STARVIN SAMS 14 BELLINGHAM WA           11/07",-39.58,DEBIT_CARD,1204.57,,
DEBIT,11/07/2016,"SOC FOR NEUROSCIENCE 202-962-4000 DC         11/05",-140.00,DEBIT_CARD,1244.15,,
DEBIT,11/07/2016,"SOC FOR NEUROSCIENCE 202-962-4000 DC         11/05",-30.00,DEBIT_CARD,1384.15,,
DEBIT,11/07/2016,"ARAMARK ZOES BOOKSIDE B BELLINGHAM WA        11/03",-3.89,DEBIT_CARD,1414.15,,
DEBIT,11/04/2016,"PAYPAL           INST XFER  HAYLEYGG689     WEB ID: PAYPALSI77",-45.27,ACH_DEBIT,1418.04,,
DEBIT,11/04/2016,"ARAMARK ATRIUM POD BELLINGHAM WA             11/02",-8.24,DEBIT_CARD,1463.31,,
DEBIT,11/03/2016,"HAGGEN FOOD #43 BELLINGHAM WA        257620  11/03",-16.82,DEBIT_CARD,1471.55,,
DEBIT,11/03/2016,"WWU AS BOOKSTORE BELLINGHAM WA               11/02",-8.97,DEBIT_CARD,1488.37,,
DEBIT,11/03/2016,"WWU EMARKETS 360-650-3720 WA                 11/02",-35.00,DEBIT_CARD,1497.34,,
DEBIT,11/02/2016,"HAGGEN FOOD #43 BELLINGHAM WA        750236  11/02",-3.58,DEBIT_CARD,1532.34,,
DEBIT,11/02/2016,"THE HORSESHOE CAFE BELLINGHAM WA             11/01",-9.20,DEBIT_CARD,1535.92,,
DEBIT,11/02/2016,"WILD BUFFALO BELLINGHAM WA                   10/31",-7.46,DEBIT_CARD,1545.12,,
DEBIT,11/01/2016,"PAYPAL           INST XFER  ESADINSKY       WEB ID: PAYPALSI77",-13.50,ACH_DEBIT,1552.58,,
DEBIT,11/01/2016,"Online Transfer to  SAV ...9660 transaction#: 5695836652",-50.00,ACCT_XFER,1566.08,,
DEBIT,10/31/2016,"JOHNNY'S GOURMET BURGER STANWOOD WA          10/30",-11.93,DEBIT_CARD,1616.08,,
DEBIT,10/31/2016,"UBER   *US OCT29 U22N 866-576-1039 CA        10/30",-15.08,DEBIT_CARD,1628.01,,
DEBIT,10/31/2016,"UBER   *US OCT29 GH5J 866-576-1039 CA        10/30",-25.44,DEBIT_CARD,1643.09,,
DEBIT,10/31/2016,"UBER   *US OCT29 AWMG 866-576-1039 CA        10/30",-5.00,DEBIT_CARD,1668.53,,
DEBIT,10/31/2016,"UBER   *US OCT29 FSSM 866-576-1039 CA        10/30",-9.57,DEBIT_CARD,1673.53,,
DEBIT,10/31/2016,"SQ *AUSTIN HODGKINSON Redmond WA             10/30",-30.00,DEBIT_CARD,1683.10,,
DEBIT,10/31/2016,"UBER   *US OCT29 UQ3Q 866-576-1039 CA        10/30",-5.18,DEBIT_CARD,1713.10,,
DEBIT,10/31/2016,"QUARTER LOUNGE SEATTLE WA                    10/29",-6.50,DEBIT_CARD,1718.28,,
DEBIT,10/31/2016,"BIG TIME BREWERY SEATTLE WA                  10/29",-5.93,DEBIT_CARD,1724.78,,
DEBIT,10/31/2016,"SEA SC PARKING #850012 SEATTLE WA            10/28",-10.00,DEBIT_CARD,1730.71,,
DEBIT,10/31/2016,"STARBUCKS STORE 23730 SEATTLE WA             10/28",-6.03,DEBIT_CARD,1740.71,,
DEBIT,10/31/2016,"76 - STARVIN SAMS 14 BELLINGHAM WA           10/28",-21.91,DEBIT_CARD,1746.74,,
DEBIT,10/28/2016,"STARVIN SAMS 14 BELLINGHAM WA        714050  10/28",-3.98,DEBIT_CARD,1768.65,,
DEBIT,10/28/2016,"BELLEWOOD ACRES INC LYNDEN WA                10/27",-6.77,DEBIT_CARD,1772.63,,
DEBIT,10/28/2016,"APL* ITUNES.COM/BILL 866-712-7753 CA         10/27",-1.09,DEBIT_CARD,1779.40,,
DEBIT,10/28/2016,"CASA QUE PASA BELLINGHAM WA                  10/26",-8.60,DEBIT_CARD,1780.49,,
DEBIT,10/28/2016,"WWU LIBRARY BELLINGHAM WA                    10/26",-18.00,DEBIT_CARD,1789.09,,
DEBIT,10/28/2016,"ARAMARK MILLER MARKET P BELLINGHAM WA        10/26",-1.29,DEBIT_CARD,1807.09,,
DEBIT,10/28/2016,"ARAMARK TONYS AT MILLER BELLINGHAM WA        10/26",-3.64,DEBIT_CARD,1808.38,,
DEBIT,10/26/2016,"PAYPAL           INST XFER  HAYLEYGG689     WEB ID: PAYPALSI77",-625.01,ACH_DEBIT,1812.02,,
DEBIT,10/26/2016,"USCONNECT ADVANTAGE VEN FERNDALE WA          10/26",-1.75,DEBIT_CARD,2437.03,,
DEBIT,10/26/2016,"USCONNECT ADVANTAGE VEN FERNDALE WA          10/26",-1.25,DEBIT_CARD,2438.78,,
DEBIT,10/26/2016,"PIZZA TIME BELLINGHAM WA                     10/24",-19.29,DEBIT_CARD,2440.03,,
DSLIP,10/26/2016,"DEPOSIT  ID NUMBER  71783",800.00,DEPOSIT,2459.32,,
DEBIT,10/25/2016,"USCONNECT ADVANTAGE VEN FERNDALE WA          10/25",-1.25,DEBIT_CARD,1659.32,,
DEBIT,10/25/2016,"USCONNECT ADVANTAGE VEN FERNDALE WA          10/25",-1.75,DEBIT_CARD,1660.57,,
CREDIT,10/25/2016,"KEY CR. TRANSFER ONLINE BK  000000013036971 WEB ID: 9000000008",1136.67,ACH_CREDIT,1662.32,,
DEBIT,10/24/2016,"PAYPAL           INST XFER  BLIZZARDENT     WEB ID: PAYPALSI77",-5.47,ACH_DEBIT,525.65,,
DEBIT,10/24/2016,"20TH CENTURY BOWLING BELLINGHAM WA           10/21",-10.50,DEBIT_CARD,531.12,,
DEBIT,10/24/2016,"20TH CENTURY BOWLING BELLINGHAM WA           10/21",-6.00,DEBIT_CARD,541.62,,
DEBIT,10/24/2016,"USCONNECT ADVANTAGE VEN FERNDALE WA          10/21",-1.75,DEBIT_CARD,547.62,,
DEBIT,10/24/2016,"USCONNECT ADVANTAGE VEN FERNDALE WA          10/21",-1.75,DEBIT_CARD,549.37,,
DEBIT,10/24/2016,"ARAMARK ZOES BOOKSIDE B BELLINGHAM WA        10/20",-4.83,DEBIT_CARD,551.12,,
DEBIT,10/21/2016,"ARAMARK ZOES BOOKSIDE B BELLINGHAM WA        10/19",-2.91,DEBIT_CARD,555.95,,
DEBIT,10/21/2016,"ARAMARK ZOES BOOKSIDE B BELLINGHAM WA        10/19",-12.87,DEBIT_CARD,558.86,,
DEBIT,10/20/2016,"HMD* Wired 800-769-4733 DE                   10/20",-5.44,DEBIT_CARD,571.73,,
DEBIT,10/20/2016,"APL* ITUNES.COM/BILL 866-712-7753 CA         10/19",-16.43,DEBIT_CARD,577.17,,
DEBIT,10/20/2016,"ARAMARK ZOES BOOKSIDE B BELLINGHAM WA        10/18",-2.76,DEBIT_CARD,593.60,,
DEBIT,10/18/2016,"ACT*City-Bellingham 877-228-4881 TX          10/18",-60.00,DEBIT_CARD,596.36,,
DEBIT,10/18/2016,"BLACKBIRD BAKERY BAINBRIDGE IS WA            10/16",-4.26,DEBIT_CARD,656.36,,
DEBIT,10/17/2016,"CHEVRON/SALMON SERVICE SEATTLE WA    048121  10/16",-32.86,DEBIT_CARD,660.62,,
DEBIT,10/17/2016,"USA*SODEXO SEATTLE WA                        10/15",-2.25,DEBIT_CARD,693.48,,
DEBIT,10/17/2016,"ARAMARK ATRIUM POD BELLINGHAM WA             10/11",-1.29,DEBIT_CARD,695.73,,
DEBIT,10/17/2016,"ARAMARK MILLER MARKET P BELLINGHAM WA        10/11",-1.63,DEBIT_CARD,697.02,,
DEBIT,10/17/2016,"ARAMARK TONYS AT MILLER BELLINGHAM WA        10/11",-3.86,DEBIT_CARD,698.65,,
DEBIT,10/14/2016,"BELLINGHAM GROC BELLINGHAM WA                10/14",-13.97,DEBIT_CARD,702.51,,
DEBIT,10/14/2016,"ARAMARK TOPIOS BELLINGHAM WA                 10/12",-7.37,DEBIT_CARD,716.48,,
DEBIT,10/14/2016,"ARAMARK TONYS AT MILLER BELLINGHAM WA        10/12",-3.86,DEBIT_CARD,723.85,,
DEBIT,10/13/2016,"WA DOL LIC & REG 60134 BELLINGHAM WA 832546  10/13",-11.25,DEBIT_CARD,727.71,,
DEBIT,10/13/2016,"APL* ITUNES.COM/BILL 866-712-7753 CA         10/13",-5.47,DEBIT_CARD,738.96,,
DEBIT,10/11/2016,"ARAMARK ZOES BOOKSIDE B BELLINGHAM WA        10/09",-5.59,DEBIT_CARD,744.43,,
DEBIT,10/11/2016,"ARAMARK ZOES BOOKSIDE B BELLINGHAM WA        10/09",-2.65,DEBIT_CARD,750.02,,
DEBIT,10/11/2016,"VILLAGE BOOKS BELLINGHAM WA                  10/08",-9.77,DEBIT_CARD,752.67,,
DEBIT,10/11/2016,"SQ *BOOK FARE CAFE Bellingham WA             10/08",-26.61,DEBIT_CARD,762.44,,
DEBIT,10/11/2016,"ACT*City-Bellingham 877-228-4881 TX          10/07",-90.00,DEBIT_CARD,789.05,,
DEBIT,10/11/2016,"WWU EMARKETS 360-650-3720 WA                 10/07",-35.00,DEBIT_CARD,879.05,,
DEBIT,10/11/2016,"ARAMARK TOPIOS BELLINGHAM WA                 10/06",-4.12,DEBIT_CARD,914.05,,
